2482 4166
801 252 1184 304 PRAELEGTIQ
1227 253 1518 298 SEPTIMA.
1814 270 1817 273 ·
1977 250 2007 300 2
2022 251 2079 299 15

244 382 413 442 nescio
450 397 554 451 qua
578 390 846 451 potestate
887 376 1151 448 ἀνώνυμος
1194 381 1364 434 nescio
1403 381 1516 452 quis
1544 371 1799 436 Ι1611611116.
1883 383 1986 448 Qui
2021 393 2081 438 ut

244 460 677 540 νεωτεριζόντων
720 463 1043 534 quorundam
1079 464 1290 517 nefariis
1322 464 1542 517 consiliis
1572 471 1625 518 et
1655 464 1924 519 conatibus
1961 485 2079 537 sup-

242 546 632 619 parasitaretur,
682 548 821 616 (quae
857 565 972 600 cum
1012 546 1149 599 omni
1177 549 1338 601 Juris
1375 547 1615 618 praesidio
1656 546 2077 612 destituerentur,

243 629 470 700 specioso
511 635 687 683 tamen
730 629 901 699 aliquo
947 629 1155 683 tibicine
1201 630 1529 700 quantumvis
1576 630 1719 684 tenui
1761 637 1814 684 et
1860 630 2078 694 infirm0,

242 712 449 766 fuerant
496 730 592 784 pro
632 719 865 783 tempore
914 713 1302 782 suffulcienda3)
1348 713 1486 767 edito
1526 713 1696 767 libello
1745 713 1797 766 id
1844 713 1956 785 agit
2002 732 2080 766 se-

243 794 378 857 dulo,
420 802 478 848 ut
519 795 764 866 populum
808 795 1056 849 dedoceat
1098 795 1303 848 inanem
1347 796 1489 849 illam
1531 795 1925 867 philosophiam,
1979 815 2082 866 qua

243 877 493 931 hactenus
536 878 582 930 ei
624 877 916 948 impositum
959 885 1038 932 est
1071 878 1138 932 ab
1180 878 1242 931 iis
1284 879 1373 949 qui
1416 886 1611 952 negant
1647 881 2080 933 contradictoria

234 979 394 1031 posse
435 962 602 1015 simul
647 979 754 1015 esse
796 974 939 1014 vera.
1027 963 1231 1033 Regem
1274 961 1466 1015 scilicet
1509 969 1562 1016 et
1604 981 1911 1032 supremum
1955 981 2077 1028 esse,

243 1042 299 1101 id
341 1049 435 1105 est,
492 1062 598 1096 non
643 1044 837 1097 habere
871 1062 1108 1113 parem;
1161 1050 1214 1097 et
1255 1047 1450 1098 habere
1489 1065 1703 1115 parem,
1748 1044 1802 1097 id
1853 1052 1932 1098 est
1975 1065 2080 1098 non

243 1144 351 1179 esse
386 1145 706 1195 supremum.
795 1126 975 1179 Fuisse
1004 1133 1194 1190 tamen,
1241 1127 1329 1197 qui
1366 1129 1462 1180 hoc
1502 1136 1609 1181 tam
1639 1127 1910 1181 ridiculum
1945 1146 2079 1180 com-

244 1215 493 1278 mentum,
552 1216 611 1262 ut
667 1208 863 1261 coelitus
912 1209 1178 1279 delapsum
1225 1208 1407 1287 σοφὸν
1458 1208 1763 1287 φάρμακον,
1815 1210 2078 1278 (nimirum

245 1291 383 1361 quod
413 1290 640 1361 ipsorum
669 1290 920 1345 intererat
950 1291 1061 1344 haec
1092 1292 1249 1364 vulgo
1289 1292 1450 1362 credi)
1489 1293 1639 1346 avide
1675 1293 1981 1364 arriperent,
2025 1301 2079 1347 et

244 1373 493 1426 ambabus
525 1373 659 1426 ulnis
686 1374 1122 1444 amplexarentur,
1163 1393 1266 1427 non
1302 1382 1409 1428 tam
1447 1375 1737 1428 mirandum
1768 1382 1875 1438 est3
1923 1394 2079 1446 quam

246 1455 522 1509 dolendum
552 1455 770 1526 reperiri
798 1456 1038 1527 potuisse,
1060 1457 1148 1527 qui
1176 1464 1284 1510 tam
1313 1476 1485 1511 crasso
1510 1458 1824 1529 sophismate
1844 1458 1941 1511 sibi
1962 1477 2078 1529 per-

245 1538 454 1591 suaderi
478 1544 802 1608 paterentur,
826 1545 885 1592 ut
905 1538 1200 1609 turpissimo
1226 1558 1281 1593 se
1303 1539 1510 1593 interim
1534 1540 1763 1611 perjurio
1785 1540 2076 1612 alligarent.

250 1621 388 1684 Quid
416 1620 552 1673 enim
570 1621 879 1690 perjurium
909 1620 1009 1674 dici
1038 1629 1316 1685 mereatur,
1349 1622 1392 1675 si
1419 1623 1516 1676 hoc
1544 1641 1648 1675 non
1677 1623 1745 1677 sit
1773 1623 2080 1677 manifestis-

245 1703 428 1756 simum
449 1704 757 1772 perjurium
774 1724 794 1764 ,·
838 1722 989 1774 quem
1019 1706 1191 1758 solum
1220 1724 1327 1759 6836
1363 1725 1670 1775 supremum
1698 1708 1760 1759 in
1796 1725 1891 1760 suo
1920 1726 2080 1776 rayno
2122 1751 2135 1759 .

244 1788 631 1841 moderatorem
677 1786 934 1857 conceptis
972 1787 1143 1840 verbis
1181 1787 1457 1859 juraveriS‚
1502 1789 1549 1841 ei
1578 1809 1778 1859 parem
1825 1789 1978 1842 aliam
2026 1790 2081 1842 in

245 1887 344 1938 suq
378 1887 541 1940 regno
561 1879 880 1938 potestatem
908 1869 1219 1923 constituere
1245 1878 1298 1924 et
1323 1890 1603 1943 agnoscere
1622 1872 1651 1924 ‘?
1736 1873 1922 1944 Apage
1953 1891 2080 1944 ergo

246 1969 361 2003 cum
410 1951 514 2004 suis
561 1951 869 2023 portentosis
918 1952 1144 2022 strophis
1198 1955 1638 2008 Coordinatorem
1687 1962 1936 2018 nostrum,
1992 1956 2081 2025 (1111

244 2033 392 2087 nobis
421 2034 554 2087 hanc
582 2052 838 2087 remoram
867 2034 1075 2105 injecit:
1120 2042 1173 2088 et
1201 2054 1492 2107 pergamus,

374 2118 499 2170 XII.
576 2117 923 2170 Confirmatur
952 2117 1091 2170 dicta
1125 2120 1404 2172 Conclusio
1436 2121 1592 2173 tertio
1628 2122 1880 2176 Ratione.
1938 2121 2082 2173 Prae-

247 2198 424 2269 cipuus
471 2210 626 2252 aetus
671 2199 1059 2270 gubernationis
1106 2200 1418 2270 praecipuam
1468 2202 1689 2272 requirit
1725 2213 2082 2272 potestatem:

247 2283 419 2335 Actus
448 2280 583 2333 enim
621 2280 798 2344 omniS,
834 2300 949 2334 cum
978 2282 1044 2335 sit
1077 2283 1376 2336 exercitium
1410 2283 1626 2353 alicujus
1658 2288 1930 2356 potentiae,
1964 2304 2082 2357 sup-

246 2363 392 2433 ponit
426 2363 481 2415 in
514 2370 704 2435 agente
735 2366 1040 2433 potentiam
1085 2363 1182 2417 sibi
1227 2365 1686 2436 proportionatam.
1774 2369 1872 2421 Est
1908 2376 2083 2422 autem

244 2447 547 2513 ,νομοθεσία,
585 2445 693 2498 sive
719 2448 1082 2516 Leyumlatio,
1113 2442 1283 2500 tactus
1313 2449 1701 2519 gubernationis
1729 2468 2000 2520 supremus
2030 2460 2083 2504 et

246 2528 551 2598 praecipuus,
630 2528 750 2580 Non
780 2547 905 2601 ergo
932 2536 1103 2600 potest
1133 2530 1364 2583 exerceri
1393 2531 1489 2584 nisi
1520 2551 1552 2584 a
1569 2552 1809 2603 persona
1837 2534 2079 2596 habente,

245 2616 339 2662 aut
379 2611 561 2663 saltem
603 2610 657 2663 in
692 2610 886 2664 virtute
929 2618 982 2665 et
1025 2630 1091 2665 ex
1133 2613 1444 2667 auctoritate
1482 2615 1734 2669 habentes
1776 2635 2084 2685 supremam

239 2703 558 2762 potestatem
593 2700 646 2746 et
679 2693 1086 2764 jurisdictionem
1114 2694 1168 2747 in
1197 2697 1612 2751 communitatem
1650 2698 1747 2751 sibi
1783 2698 2081 2769 subjectam.

250 2775 382 2827 Cum
424 2775 558 2829 enim
601 2778 1018 2831 Jurisdictionis
1055 2777 1164 2832 sive
1209 2781 1504 2834 Potestatis
1535 2783 1782 2852 politicae
1825 2781 1942 2834 duae
1984 2782 2086 2835 sint

777 2960 790 2986 t
808 2958 933 3009 [conf.
952 2960 1056 2998 infra
1073 2961 1254 2999 Praelect.
1279 2972 1346 3001 1x.
1366 2962 1471 3000 Sect.
1490 2960 1547 3010 1.]

341 3095 411 3134 11.
473 3090 549 3134 An
579 3105 868 3150 anonymous
901 3094 1057 3137 writer
1087 3094 1171 3138 has
1206 3094 1429 3147 asserted,
1459 3094 1564 3138 that
1591 3094 1673 3138 the
1704 3107 1881 3151 powers
1919 3094 1974 3137 of
2002 3095 2085 3139 the

249 3161 377 3216 King
403 3162 496 3204 and
520 3162 602 3205 the
627 3163 917 3207 Parliament
949 3178 1029 3208 are
1060 3166 1345 3209 co-ordinate.
1423 3166 1518 3208 But
1548 3164 1639 3208 this
1668 3165 1705 3208 is
1739 3179 1801 3207 an
1826 3164 2079 3224 absurdity.

250 3230 352 3274 The
373 3232 500 3287 King
525 3237 696 3275 cannot
720 3233 838 3276 both
857 3233 917 3276 be
948 3248 1164 3291 supreme
1185 3236 1278 3278 and
1303 3235 1421 3279 have
1442 3249 1503 3278 an
1524 3235 1672 3292 equal.
1736 3235 1847 3279 This
1873 3236 2085 3281 doctrine

251 3301 306 3345 of
327 3301 620 3345 co-ordinate
640 3316 797 3359 power
817 3304 855 3347 is
881 3309 1100 3362 contrary
1120 3310 1170 3348 to
1196 3305 1278 3349 the
1299 3306 1411 3349 oath
1433 3306 1487 3349 of
1505 3319 1794 3364 supremacy.

342 3376 411 3415 12.
475 3370 729 3428 Aryument
753 3374 908 3417 Third.
988 3375 1088 3419 The
1112 3376 1342 3433 principal
1361 3376 1451 3420 Act
1477 3377 1531 3420 of
1549 3380 1855 3433 government
1878 3379 2086 3435 requires

250 3442 333 3486 the
354 3443 585 3499 principal
609 3444 788 3487 Power.
866 3446 961 3488 But
985 3446 1273 3503 Legislation
1296 3448 1335 3491 is
1356 3447 1437 3490 the
1462 3461 1678 3505 supreme
1704 3446 1794 3491 Act
1816 3448 1871 3491 of
1889 3452 2086 3506 govern-

251 3518 382 3557 ment
399 3529 411 3565 ;
442 3513 676 3557 therefore
697 3515 735 3557 it
759 3516 967 3572 requires
987 3516 1069 3560 the
1090 3531 1305 3574 supreme
1329 3519 1508 3562 Power.

351 3585 419 3627 To
441 3585 626 3641 explain
646 3585 738 3629 this
763 3586 962 3639 further,
983 3588 1179 3631 observe
1199 3588 1303 3632 that
1327 3588 1462 3633 there
1482 3603 1562 3633 are
1582 3593 1674 3633 two
1699 3590 1929 3648 principal
1948 3591 2086 3651 kinds

253 3655 308 3698 of
342 3655 560 3720 Political
596 3657 785 3709 Power3
836 3658 1117 3716 Legislative
1156 3660 1251 3703 and
1287 3660 1544 3718 Judiciary.
1633 3661 1759 3705 Both
1796 3662 1971 3706 deliver
2003 3652 2087 3707 ιῙαὲ

253 3739 308 3770 or
342 3726 465 3779 Law,
504 3727 598 3771 and
636 3742 716 3772 are
754 3728 903 3773 hence
941 3730 1040 3774 said
1071 3734 1120 3774 to
1154 3731 1336 3775 involve
1368 3732 1691 3782 Jurisdiotioem
1730 3733 1817 3777 but
1852 3733 1964 3777 with
1993 3734 2087 3779 this
