2482 4166
384 254 451 304 10
767 263 853 306 DE
894 263 1316 309 DEFINITIONE
1359 266 1820 313 CONSOIENTIAE.
1839 250 1854 264 ‘

383 388 534 441 Pauli
578 388 812 459 Apostoli
854 392 976 445 Act.
1014 392 1151 445 xxiii.
1188 394 1239 456 5,
1282 393 1337 445 in
1383 395 1567 464 quibus
1614 396 1929 467 explicandis
1976 399 2107 453 mire
2152 418 2208 454 se

382 477 630 541 torquent
670 470 997 542 interpreteS,
1036 474 1279 527 videntur
1305 477 1517 529 ,omnino
1555 496 1665 531 esse
1706 478 2041 551 intelligenda
2078 484 2208 535 Non
2274 507 2279 510 ·

380 571 649 615 noveram,
700 553 882 623 inquit,
921 557 1154 622 fratres,
1216 559 1523 625 Pontificem
1579 578 1686 613 esse
1741 564 2056 624 mamimum,
2116 562 2207 617 οὐκ

382 629 539 712 ᾔδειν,
567 637 604 687 i.
627 654 667 688 e.
696 636 814 687 Non
843 638 1093 705 coyitavi,
1117 655 1220 689 non
1249 638 1373 691 satis
1398 646 1596 693 attente
1626 644 1978 696 consideravi.
2045 644 2207 707 Quasi

383 715 612 778 dixisset,
657 716 877 780 Parcite,
921 735 1109 787 quaeSO,
1153 719 1359 781 fratreS,
1395 719 1551 790 justae
1589 740 1715 775 meae
1762 723 2119 795 indignationi,
2148 724 2208 777 ‘si

384 797 649 850 aestuantis
698 797 855 850 animi
911 798 1107 869 impetu
1158 801 1420 870 abreptuS,
1478 802 1688 856 liberius
1739 805 1931 873 aliquid
1981 806 2209 858 elocutus

382 879 570 932 fuerim
612 896 767 949 quam
810 880 1052 950 oportuit,
1096 881 1362 934 immemor
1404 882 1539 935 illius
1582 891 1635 936 et
1676 903 1924 955 personae,
1967 893 2019 939 et
2063 886 2210 939 officii

383 960 499 1012 mei.
587 961 825 1031 Agnosco
880 981 1112 1015 errorem
1131 983 1149 1014 .·
1204 982 1308 1015 non
1364 963 1519 1016 debui
1574 966 1878 1019 maledicere
1930 971 2208 1036 Pontifici,

382 1041 712 1110 quantumvis
754 1042 934 1095 fecerit
962 1061 1066 1095 non
1092 1043 1251 1115 digna
1278 1062 1368 1096 suo
1397 1045 1625 1109 honore3
1667 1048 1758 1100 sed
1790 1047 2023 1117 impediit
2055 1049 2212 1101 animi

382 1122 558 1184 ardor,
609 1140 676 1174 ne
723 1122 838 1184 ista,
895 1129 954 1175 ut
1004 1142 1101 1193 par
1158 1132 1289 1188 erat,
1346 1126 1595 1180 attentius
1649 1130 1957 1197 coyitarem.
2045 1131 2210 1183 Sensu

380 1202 634 1266 facillim0,
675 1210 729 1255 et
770 1204 1190 1258 commodissimo,

510 1286 576 1338 X.
659 1284 764 1337 Sed
806 1302 986 1356 pergo,
1075 1287 1152 1339 Ut
1178 1289 1442 1351 Scientia,
1478 1288 1550 1341 sic
1583 1296 1637 1343 et
1672 1292 2011 1345 Conscientia
2044 1291 2211 1345 tribus

384 1366 576 1419 eisdem
628 1366 792 1418 modis
848 1366 1079 1420 similiter
1129 1367 1392 1437 accipitur.
1479 1373 1693 1433 Prim0,
1740 1374 2022 1441 subjective
2037 1393 2058 1434 ,·
2114 1392 2209 1443 pro
2237 1386 2258 1426 1

374 1450 627 1518 potentia
665 1449 995 1501 intellectiva
1024 1452 1316 1518 practica:
1361 1456 1419 1503 ut
1458 1469 1571 1503 cum
1601 1452 1812 1506 dicimus
1857 1454 2027 1525 legem
2061 1463 2213 1508 natu-

383 1529 545 1582 ralem
574 1528 818 1599 scriptam
858 1547 969 1582 esse
1004 1529 1059 1582 in
1102 1532 1256 1583 corde
1286 1531 1368 1584 vel
1402 1536 1742 1587 conscientia.
1811 1537 2067 1597 Secundo,
2086 1539 2211 1605 for·
2231 1548 2260 1589 2

383 1613 619 1675 maliter,
659 1628 755 1681 pro
794 1612 987 1664 habitu
1028 1612 1321 1682 pertinente
1358 1614 1425 1666 ad
1468 1614 1608 1667 illam
1649 1616 1950 1685 potentiam,
1995 1635 2211 1687 eamque

383 1691 720 1746 informante:
768 1693 846 1746 Ut
886 1711 1000 1745 cum
1054 1694 1119 1746 de
1164 1693 1368 1747 homine
1411 1694 1680 1767 insigniter
1717 1696 1951 1767 improbo
1998 1698 2212 1751 dicimus

384 1792 502 1827 eum
546 1774 805 1827 hominem
854 1792 965 1827 esse
1008 1777 1214 1828 nullius
1263 1779 1609 1840 conscientioe,
1668 1778 1914 1848 abjecisse
1960 1797 2077 1832 eum
2129 1780 2212 1833 vel

382 1854 610 1908 amisisse
638 1874 840 1908 omnem
870 1859 1265 1912 conscientiam.
1349 1860 1549 1921 TertiO,
1580 1862 1810 1927 effective
1826 1881 1846 1921 ‚·
1889 1878 1985 1931 pro
2023 1861 2211 1914 actuali
2233 1875 2263 1915 3

382 1936 555 2006 aliquo
594 1948 754 1999 motu,
795 1940 1047 1991 eoeercitio
1087 1949 1186 1991 aut
1226 1942 1534 2008 operatione
1566 1939 1701 1993 illius
1734 1942 1972 1996 habitus:
2011 1949 2071 1996 ut
2096 1961 2212 1995 cum

383 2018 497 2087 quis
526 2017 649 2071 dicit
685 2019 880 2071 habere
917 2036 973 2071 se
1002 2019 1068 2072 de
1095 2020 1192 2071 hoc
1221 2020 1305 2073 vel
1331 2020 1417 2072 illo
1446 2020 1582 2074 facto
1612 2024 2004 2078 conscientiam.
2095 2025 2210 2087 Quo

383 2118 535 2152 sensu
573 2099 780 2153 videtur
817 2118 850 2152 a
886 2101 1045 2153 Petro
1086 2100 1262 2171 accipi,
1311 2103 1342 2153 1
1373 2104 1495 2156 Pet.
1526 2102 1579 2155 ii.
1612 2105 1699 2165 19,
1742 2107 1813 2158 Si
1841 2108 1963 2175 quis
1980 2117 2209 2176 propter

383 2183 763 2234 conscientiam
805 2184 916 2235 Dei
953 2185 1140 2251 suffert
1180 2184 1466 2236 molestias.

510 2264 607 2315 XI.
688 2264 869 2325 Porr0,
929 2281 1043 2315 cum
1097 2265 1341 2317 Scientia
1383 2264 1592 2335 proprie
1650 2265 1719 2318 sit
1768 2261 1986 2333 μέθοδος
2044 2263 2211 2324 διανο-

384 2341 560 2410 ητική,
605 2344 713 2397 sive
743 2347 973 2413 coynitio
1007 2347 1356 2414 sylloyistica,
1396 2346 1628 2416 adeoque
1658 2366 1833 2401 omnes
1861 2349 1949 2418 qui
1979 2350 2044 2403 de
2081 2353 2212 2404 Con-

382 2428 613 2479 scientia
650 2433 877 2479 tractant
918 2433 1159 2479 naturam
1198 2426 1307 2496 ejus
1341 2427 1695 2497 rationemque
1722 2447 1827 2481 non
1855 2448 2004 2499 posse
2028 2438 2212 2501 putent

383 2506 554 2576 aptius
577 2514 630 2559 et
658 2507 887 2577 apertius
907 2507 1168 2568 illustrari,
1188 2525 1343 2576 quam
1362 2526 1456 2577 per
1473 2511 1840 2577 sylloyismum
1858 2515 2172 2580 practicam
2192 2532 2211 2565 .·

384 2588 762 2639 observandum
792 2594 870 2639 est
900 2589 1152 2640 Scientiae
1180 2605 1366 2640 nomen
1398 2589 1496 2640 hoc
1531 2589 1684 2641 etiam
1710 2598 1948 2660 respectu
1977 2604 2211 2661 quatuor

384 2667 550 2719 modis
576 2666 750 2738 accipi.
840 2669 1027 2720 Primo
1081 2674 1135 2720 et
1176 2668 1538 2737 propriissime,
1585 2687 1681 2740 pro
1726 2674 1954 2725 scientia
2003 2675 2210 2727 conclu·
2236 2689 2259 2728 1

383 2868 556 2914 proper
585 2858 705 2899 state
730 2855 785 2899 of
810 2856 1012 2914 activity,
1042 2857 1106 2915 by
1130 2857 1212 2901 the
1242 2857 1376 2902 habit
1407 2858 1462 2902 of
1486 2859 1726 2917 knowing3
1756 2859 1838 2904 the
1867 2861 2040 2904 maxim
2069 2865 2211 2908 omnis

370 2929 539 2984 forma
558 2926 708 2982 aliquo
728 2927 856 2969 modo
870 2928 1045 2985 perficit
1068 2942 1200 2971 suum
1217 2930 1467 2986 subjectum,
1482 2929 1520 2973 is
1540 2929 1654 2973 here
1674 2930 1862 2987 applied
1882 2931 1932 2973 in
1950 2931 2042 2975 this
2063 2946 2210 2987 sense,

383 2996 488 3040 that
508 2995 589 3039 the
612 2996 790 3039 mental
808 3010 963 3053 power
981 2997 1019 3041 is
1045 3002 1129 3041 not
1148 2998 1379 3055 complete
1398 2999 1593 3043 without
1616 3000 1676 3043 its
1700 2999 1910 3044 habitual
1930 3003 2146 3046 exercise.

474 3066 646 3124 Taylor
663 3064 831 3124 (Chap.
850 3080 883 3111 1.
907 3066 1007 3111 Art.
1034 3066 1082 3121 6)
1107 3068 1189 3112 has
1214 3068 1296 3112 the
1320 3082 1447 3113 same
1470 3069 1727 3113 three-sold
1751 3070 2020 3114 distinction
2032 3072 2087 3115 of
2100 3086 2211 3116 con-

382 3137 565 3181 science
583 3150 632 3181 as
652 3136 734 3180 the
757 3137 949 3195 faculty,
970 3138 1052 3182 the
1070 3137 1217 3190 habit,
1241 3139 1335 3182 and
1354 3139 1436 3184 the
1461 3140 1618 3184 action
1629 3155 1643 3194 3
1673 3140 1767 3183 and
1785 3141 1993 3200 employs
2014 3155 2141 3187 some
2161 3143 2216 3186 of

386 3206 468 3251 the
490 3220 618 3251 same
639 3207 873 3265 examples
898 3207 952 3251 of
969 3208 1101 3252 these
1121 3222 1289 3253 senses.

475 3282 545 3321 10.
610 3277 667 3320 In
686 3277 767 3321 the
788 3292 914 3322 same
934 3292 1034 3336 way
1060 3280 1354 3332 Conscience,
1374 3294 1424 3324 as
1449 3280 1554 3324 well
1578 3294 1628 3325 as
1657 3281 1958 3339 Knowledge,
1978 3282 2016 3327 is
2041 3282 2212 3327 under-

380 3348 517 3391 stood
541 3361 591 3390 as
616 3361 646 3390 a
662 3361 832 3404 power,
853 3362 881 3391 a
900 3348 1046 3402 habit,
1068 3363 1121 3393 or
1141 3364 1202 3393 an
1221 3354 1324 3393 act:
1356 3364 1385 3393 a
1404 3364 1573 3408 power,
1594 3365 1644 3395 as
1665 3351 1799 3395 when
1819 3365 1887 3395 we
1907 3365 1989 3409 say
2007 3352 2111 3396 that
2130 3353 2212 3397 the

382 3418 569 3460 natural
588 3418 675 3460 law
694 3418 732 3461 is
753 3419 937 3462 written
956 3433 1018 3463 on
1039 3434 1125 3464 our
1143 3420 1300 3465 hearts
1320 3434 1373 3464 or
1392 3422 1686 3473 conscience3
1710 3435 1739 3464 a
1757 3421 1903 3472 habit,
1921 3435 1971 3465 as
1994 3421 2125 3465 when
2143 3436 2212 3466 we

384 3500 467 3542 say
492 3488 545 3529 of
571 3502 600 3530 a
618 3488 712 3530 bad
735 3502 846 3531 man
865 3489 969 3533 that
987 3490 1049 3534 he
1077 3490 1162 3534 has
1186 3504 1248 3534 no
1275 3492 1543 3535 conscience
1556 3507 1570 3543 3
1600 3505 1662 3534 an
1682 3495 1770 3543 act,
1800 3504 1850 3534 as
1875 3489 2009 3533 when
2033 3504 2101 3534 we
2130 3504 2213 3549 say

385 3555 490 3598 that
510 3571 601 3613 any
620 3559 872 3614 particular
891 3564 1063 3604 matter
1081 3561 1120 3604 is
1144 3574 1173 3603 a
1196 3562 1330 3618 point
1356 3562 1410 3605 of
1429 3561 1709 3605 conscience.

480 3630 550 3669 11.
628 3626 703 3669 All
734 3628 1005 3686 knowledge
1037 3644 1146 3687 may
1178 3631 1238 3674 be
1265 3630 1476 3675 resolved
1499 3631 1598 3674 into
1619 3628 1908 3686 syllogisms3
1938 3628 2031 3671 and
2054 3629 2210 3673 know-

384 3694 522 3751 ledge
543 3708 650 3752 may
668 3695 728 3739 be
748 3698 1033 3743 understood
1052 3701 1102 3743 in
1119 3699 1227 3743 four
1246 3714 1415 3753 senses,
1435 3714 1498 3751 as,
1528 3698 1800 3754 knowledge
1831 3698 1885 3741 of
1912 3697 1994 3742 the
2026 3699 2211 3743 conclu-

387 3764 489 3809 sion
513 3764 567 3807 of
597 3765 712 3809 such
742 3780 770 3808 a
799 3767 1062 3824 syllogism3
1100 3783 1168 3824 or,
1198 3770 1253 3814 of
1277 3770 1358 3814 the
1387 3769 1637 3827 principles
1667 3781 1728 3811 on
1750 3767 1899 3811 which
1918 3767 1999 3812 the
2021 3768 2211 3813 demon.
