<?xml version="1.0" encoding="UTF-8"?>
<!DOCTYPE html PUBLIC "-//W3C//DTD XHTML 1.0 Transitional//EN"
    "http://www.w3.org/TR/xhtml1/DTD/xhtml1-transitional.dtd">
<html xmlns="http://www.w3.org/1999/xhtml" xml:lang="en" lang="en">
 <head>
  <title>
</title>
<meta http-equiv="Content-Type" content="text/html;charset=utf-8" />
  <meta name='ocr-system' content='tesseract 3.04.00' />
  <meta name='ocr-capabilities' content='ocr_page ocr_carea ocr_par ocr_line ocrx_word'/>
</head>
<body>
  <div class='ocr_page' id='page_1' title='image "./deobligationecon00sanduoft_0037.png"; bbox 0 0 2482 4166; ppageno 0'>
   <div class='ocr_carea' id='block_1_1' title="bbox 802 224 2039 275">
    <p class='ocr_par' dir='ltr' id='par_1_1' title="bbox 802 224 2039 275">
     <span class='ocr_line' id='line_1_1' title="bbox 802 224 2039 275; baseline -0.001 0"><span class='ocrx_word' id='word_1_1' title='bbox 802 230 1184 275; x_wconf 77' lang='lat' dir='ltr'>PRAELEGTIO</span> <span class='ocrx_word' id='word_1_2' title='bbox 1228 230 1450 275; x_wconf 89' lang='lat' dir='ltr'><strong>PRIMA.</strong></span> <span class='ocrx_word' id='word_1_3' title='bbox 1973 224 2039 274; x_wconf 82' lang='grc'><strong>13</strong></span> 
     </span>
    </p>
   </div>
   <div class='ocr_carea' id='block_1_2' title="bbox 162 357 2064 2646">
    <p class='ocr_par' dir='ltr' id='par_1_2' title="bbox 207 357 2048 1009">
     <span class='ocr_line' id='line_1_2' title="bbox 207 357 2039 432; baseline -0.005 -8"><span class='ocrx_word' id='word_1_4' title='bbox 207 368 434 424; x_wconf 77' lang='lat' dir='ltr'><strong>scientia</strong></span> <span class='ocrx_word' id='word_1_5' title='bbox 456 362 628 426; x_wconf 61' lang='lat' dir='ltr'><strong>latim,</strong></span> <span class='ocrx_word' id='word_1_6' title='bbox 672 378 768 432; x_wconf 91' lang='lat' dir='ltr'><strong>pro</strong></span> <span class='ocrx_word' id='word_1_7' title='bbox 798 365 909 413; x_wconf 87' lang='lat' dir='ltr'><strong>toto</strong></span> <span class='ocrx_word' id='word_1_8' title='bbox 936 357 1024 411; x_wconf 93' lang='lat' dir='ltr'><strong>illo</strong></span> <span class='ocrx_word' id='word_1_9' title='bbox 1051 360 1304 412; x_wconf 76' lang='lat' dir='ltr'><em>discursu</em></span> <span class='ocrx_word' id='word_1_10' title='bbox 1341 358 1527 412; x_wconf 91' lang='lat' dir='ltr'><strong>mentis</strong></span> <span class='ocrx_word' id='word_1_11' title='bbox 1556 358 1782 429; x_wconf 87' lang='lat' dir='ltr'><strong>practico</strong></span> <span class='ocrx_word' id='word_1_12' title='bbox 1812 378 1844 413; x_wconf 89' lang='lat' dir='ltr'><strong>a</strong></span> <span class='ocrx_word' id='word_1_13' title='bbox 1872 361 2039 431; x_wconf 91' lang='lat' dir='ltr'><strong>primo</strong></span> 
     </span>
     <span class='ocr_line' id='line_1_3' title="bbox 207 440 2042 521; baseline -0.003 -20"><span class='ocrx_word' id='word_1_14' title='bbox 207 447 457 521; x_wconf 89' lang='lat' dir='ltr'><strong>principio</strong></span> <span class='ocrx_word' id='word_1_15' title='bbox 490 445 558 498; x_wconf 92' lang='lat' dir='ltr'><strong>ad</strong></span> <span class='ocrx_word' id='word_1_16' title='bbox 591 442 823 497; x_wconf 82' lang='lat' dir='ltr'><strong>ultimam</strong></span> <span class='ocrx_word' id='word_1_17' title='bbox 858 459 1022 511; x_wconf 89' lang='lat' dir='ltr'><strong>usque</strong></span> <span class='ocrx_word' id='word_1_18' title='bbox 1056 440 1443 503; x_wconf 85' lang='lat' dir='ltr'>conclusionem,</span> <span class='ocrx_word' id='word_1_19' title='bbox 1485 440 1573 510; x_wconf 88' lang='lat' dir='ltr'><strong>qui</strong></span> <span class='ocrx_word' id='word_1_20' title='bbox 1598 440 1654 492; x_wconf 92' lang='lat' dir='ltr'><strong>in</strong></span> <span class='ocrx_word' id='word_1_21' title='bbox 1681 440 1881 494; x_wconf 91' lang='lat' dir='ltr'><strong>duobus</strong></span> <span class='ocrx_word' id='word_1_22' title='bbox 1910 442 2042 513; x_wconf 87' lang='lat' dir='ltr'><strong>ejus-</strong></span> 
     </span>
     <span class='ocr_line' id='line_1_4' title="bbox 208 521 2044 598; baseline -0.003 -15"><span class='ocrx_word' id='word_1_23' title='bbox 208 529 347 583; x_wconf 86' lang='lat' dir='ltr'>modi</span> <span class='ocrx_word' id='word_1_24' title='bbox 390 527 749 598; x_wconf 72' lang='lat' dir='ltr'><strong>Sylloyismis,</strong></span> <span class='ocrx_word' id='word_1_25' title='bbox 791 523 968 594; x_wconf 89' lang='lat' dir='ltr'><strong>quales</strong></span> <span class='ocrx_word' id='word_1_26' title='bbox 1010 522 1122 593; x_wconf 89' lang='lat' dir='ltr'><strong>jam</strong></span> <span class='ocrx_word' id='word_1_27' title='bbox 1172 522 1431 593; x_wconf 80' lang='lat' dir='ltr'>proposui,</span> <span class='ocrx_word' id='word_1_28' title='bbox 1482 521 1804 575; x_wconf 77' lang='lat' dir='ltr'><strong>continetur:</strong></span> <span class='ocrx_word' id='word_1_29' title='bbox 1865 522 1940 576; x_wconf 90' lang='lat' dir='ltr'><strong>ita</strong></span> <span class='ocrx_word' id='word_1_30' title='bbox 1984 531 2044 577; x_wconf 91' lang='lat' dir='ltr'><strong>ut</strong></span> 
     </span>
     <span class='ocr_line' id='line_1_5' title="bbox 209 598 2045 682; baseline -0.005 -17"><span class='ocrx_word' id='word_1_31' title='bbox 209 610 407 665; x_wconf 79' lang='lat' dir='ltr'><strong>ambitu</strong></span> <span class='ocrx_word' id='word_1_32' title='bbox 433 627 524 663; x_wconf 86' lang='lat' dir='ltr'><strong>suo</strong></span> <span class='ocrx_word' id='word_1_33' title='bbox 552 616 606 662; x_wconf 73' lang='lat' dir='ltr'><strong>et</strong></span> <span class='ocrx_word' id='word_1_34' title='bbox 632 602 965 682; x_wconf 83' lang='grc' dir='ltr'>συντήρησιν</span> <span class='ocrx_word' id='word_1_35' title='bbox 1003 611 1057 658; x_wconf 77' lang='lat' dir='ltr'><strong>et</strong></span> <span class='ocrx_word' id='word_1_36' title='bbox 1097 598 1397 670; x_wconf 71' lang='grc' dir='ltr'>συνείδησιν</span> <span class='ocrx_word' id='word_1_37' title='bbox 1436 604 1647 675; x_wconf 84' lang='lat' dir='ltr'>proprie</span> <span class='ocrx_word' id='word_1_38' title='bbox 1681 603 1872 657; x_wconf 83' lang='lat' dir='ltr'><strong>dictam</strong></span> <span class='ocrx_word' id='word_1_39' title='bbox 1910 623 2045 658; x_wconf 85' lang='lat' dir='ltr'><strong>oom-</strong></span> 
     </span>
     <span class='ocr_line' id='line_1_6' title="bbox 209 686 2045 765; baseline -0.004 -19"><span class='ocrx_word' id='word_1_40' title='bbox 209 693 478 765; x_wconf 89' lang='lat' dir='ltr'><strong>plectatur.</strong></span> <span class='ocrx_word' id='word_1_41' title='bbox 566 688 740 743; x_wconf 87' lang='lat' dir='ltr'><strong>Facile</strong></span> <span class='ocrx_word' id='word_1_42' title='bbox 768 688 903 741; x_wconf 92' lang='lat' dir='ltr'><strong>enim</strong></span> <span class='ocrx_word' id='word_1_43' title='bbox 937 686 1171 759; x_wconf 82' lang='lat' dir='ltr'><strong>suggerit</strong></span> <span class='ocrx_word' id='word_1_44' title='bbox 1209 704 1302 739; x_wconf 88' lang='lat' dir='ltr'><strong>sua</strong></span> <span class='ocrx_word' id='word_1_45' title='bbox 1342 686 1526 756; x_wconf 90' lang='lat' dir='ltr'><strong>cuique</strong></span> <span class='ocrx_word' id='word_1_46' title='bbox 1564 688 1891 740; x_wconf 76' lang='lat' dir='ltr'><strong>conscientia</strong></span> <span class='ocrx_word' id='word_1_47' title='bbox 1932 687 2045 739; x_wconf 86' lang='lat' dir='ltr'><strong>haec</strong></span> 
     </span>
     <span class='ocr_line' id='line_1_7' title="bbox 211 767 2046 839; baseline -0.004 -12"><span class='ocrx_word' id='word_1_48' title='bbox 211 774 381 828; x_wconf 87' lang='lat' dir='ltr'><strong>omnia</strong></span> <span class='ocrx_word' id='word_1_49' title='bbox 422 772 643 834; x_wconf 83' lang='lat' dir='ltr'><strong>scilicet3</strong></span> <span class='ocrx_word' id='word_1_50' title='bbox 685 777 738 824; x_wconf 93' lang='lat' dir='ltr'><strong>et</strong></span> <span class='ocrx_word' id='word_1_51' title='bbox 775 769 905 822; x_wconf 90' lang='lat' dir='ltr'><strong>nihil</strong></span> <span class='ocrx_word' id='word_1_52' title='bbox 946 771 1205 838; x_wconf 72' lang='lat' dir='ltr'><strong>injustum</strong></span> <span class='ocrx_word' id='word_1_53' title='bbox 1246 767 1359 821; x_wconf 91' lang='lat' dir='ltr'><strong>fieri</strong></span> <span class='ocrx_word' id='word_1_54' title='bbox 1401 775 1657 839; x_wconf 83' lang='lat' dir='ltr'><strong>oportere,</strong></span> <span class='ocrx_word' id='word_1_55' title='bbox 1706 774 1760 821; x_wconf 94' lang='lat' dir='ltr'><strong>et</strong></span> <span class='ocrx_word' id='word_1_56' title='bbox 1808 772 2046 822; x_wconf 77' lang='lat' dir='ltr'><strong>Furtum</strong></span> 
     </span>
     <span class='ocr_line' id='line_1_8' title="bbox 211 850 2043 924; baseline -0.004 -14"><span class='ocrx_word' id='word_1_57' title='bbox 211 857 265 909; x_wconf 86' lang='lat' dir='ltr'><strong>in</strong></span> <span class='ocrx_word' id='word_1_58' title='bbox 306 856 462 909; x_wconf 89' lang='lat' dir='ltr'><strong>rebus</strong></span> <span class='ocrx_word' id='word_1_59' title='bbox 504 852 705 924; x_wconf 88' lang='lat' dir='ltr'><strong>injustis</strong></span> <span class='ocrx_word' id='word_1_60' title='bbox 746 851 931 905; x_wconf 90' lang='lat' dir='ltr'><strong>merito</strong></span> <span class='ocrx_word' id='word_1_61' title='bbox 976 850 1188 914; x_wconf 91' lang='lat' dir='ltr'><strong>censeri,</strong></span> <span class='ocrx_word' id='word_1_62' title='bbox 1234 857 1287 904; x_wconf 84' lang='lat' dir='ltr'><strong>et</strong></span> <span class='ocrx_word' id='word_1_63' title='bbox 1324 850 1421 903; x_wconf 89' lang='lat' dir='ltr'><strong>hoc</strong></span> <span class='ocrx_word' id='word_1_64' title='bbox 1444 852 1795 920; x_wconf 78' lang='lat' dir='ltr'><strong>particulare</strong></span> <span class='ocrx_word' id='word_1_65' title='bbox 1832 850 2043 916; x_wconf 86' lang='lat' dir='ltr'><strong>factum,</strong></span> 
     </span>
     <span class='ocr_line' id='line_1_9' title="bbox 213 932 2048 1009; baseline -0.003 -18"><span class='ocrx_word' id='word_1_66' title='bbox 213 938 350 1009; x_wconf 91' lang='lat' dir='ltr'><strong>quod</strong></span> <span class='ocrx_word' id='word_1_67' title='bbox 393 955 426 990; x_wconf 91' lang='lat' dir='ltr'><strong>a</strong></span> <span class='ocrx_word' id='word_1_68' title='bbox 468 955 550 989; x_wconf 92' lang='lat' dir='ltr'><strong>me</strong></span> <span class='ocrx_word' id='word_1_69' title='bbox 581 935 693 1006; x_wconf 88' lang='lat' dir='ltr'><strong>jam</strong></span> <span class='ocrx_word' id='word_1_70' title='bbox 734 934 1011 987; x_wconf 87' lang='lat' dir='ltr'><strong>admissum</strong></span> <span class='ocrx_word' id='word_1_71' title='bbox 1055 939 1149 995; x_wconf 86' lang='lat' dir='ltr'><strong>est,</strong></span> <span class='ocrx_word' id='word_1_72' title='bbox 1202 932 1286 986; x_wconf 90' lang='lat' dir='ltr'><strong>vel</strong></span> <span class='ocrx_word' id='word_1_73' title='bbox 1329 934 1467 1003; x_wconf 91' lang='lat' dir='ltr'><strong>quod</strong></span> <span class='ocrx_word' id='word_1_74' title='bbox 1510 940 1569 986; x_wconf 92' lang='lat' dir='ltr'><strong>ut</strong></span> <span class='ocrx_word' id='word_1_75' title='bbox 1605 933 1877 986; x_wconf 84' lang='lat' dir='ltr'><strong>admittam</strong></span> <span class='ocrx_word' id='word_1_76' title='bbox 1910 933 2048 986; x_wconf 86' lang='lat' dir='ltr'><strong>solli-</strong></span> 
     </span>
    </p>

    <p class='ocr_par' dir='ltr' id='par_1_3' title="bbox 162 1015 2059 2303">
     <span class='ocr_line' id='line_1_10' title="bbox 162 1015 2049 1090; baseline -0.004 -16"><span class='ocrx_word' id='word_1_77' title='bbox 162 1033 193 1074; x_wconf 85' lang='lat'>4</span> <span class='ocrx_word' id='word_1_78' title='bbox 215 1021 340 1074; x_wconf 87' lang='lat' dir='ltr'><strong>citat</strong></span> <span class='ocrx_word' id='word_1_79' title='bbox 389 1017 762 1090; x_wconf 81' lang='lat' dir='ltr'><strong>opportunitaS,</strong></span> <span class='ocrx_word' id='word_1_80' title='bbox 805 1018 962 1086; x_wconf 80' lang='lat' dir='ltr'><strong>furti</strong></span> <span class='ocrx_word' id='word_1_81' title='bbox 1015 1015 1207 1068; x_wconf 84' lang='lat' dir='ltr'><strong>crimen</strong></span> <span class='ocrx_word' id='word_1_82' title='bbox 1251 1015 1461 1068; x_wconf 90' lang='lat' dir='ltr'><strong>habere.</strong></span> <span class='ocrx_word' id='word_1_83' title='bbox 1554 1018 1777 1079; x_wconf 80' lang='lat' dir='ltr'><strong>QuartO,</strong></span> <span class='ocrx_word' id='word_1_84' title='bbox 1830 1015 2049 1069; x_wconf 83' lang='lat' dir='ltr'><strong>sumitur</strong></span> 
     </span>
     <span class='ocr_line' id='line_1_11' title="bbox 223 1097 2049 1170; baseline -0.004 -13"><span class='ocrx_word' id='word_1_85' title='bbox 223 1104 560 1158; x_wconf 75' lang='lat' dir='ltr'><strong>Conscientia</strong></span> <span class='ocrx_word' id='word_1_86' title='bbox 604 1117 701 1170; x_wconf 93' lang='lat' dir='ltr'><strong>pro</strong></span> <span class='ocrx_word' id='word_1_87' title='bbox 745 1100 946 1152; x_wconf 83' lang='lat' dir='ltr'><strong>notitia</strong></span> <span class='ocrx_word' id='word_1_88' title='bbox 989 1100 1275 1167; x_wconf 64' lang='lat' dir='ltr'><strong>aygyreyati</strong></span> <span class='ocrx_word' id='word_1_89' title='bbox 1316 1097 1541 1168; x_wconf 89' lang='lat' dir='ltr'><strong>plurium</strong></span> <span class='ocrx_word' id='word_1_90' title='bbox 1581 1105 1785 1151; x_wconf 85' lang='lat' dir='ltr'><strong>actuum</strong></span> <span class='ocrx_word' id='word_1_91' title='bbox 1824 1098 2049 1168; x_wconf 89' lang='lat' dir='ltr'><strong>particu-</strong></span> 
     </span>
     <span class='ocr_line' id='line_1_12' title="bbox 215 1179 2051 1252; baseline -0.003 -15"><span class='ocrx_word' id='word_1_92' title='bbox 215 1185 414 1247; x_wconf 89' lang='lat' dir='ltr'><strong>larium,</strong></span> <span class='ocrx_word' id='word_1_93' title='bbox 461 1202 526 1236; x_wconf 93' lang='lat' dir='ltr'><strong>ex</strong></span> <span class='ocrx_word' id='word_1_94' title='bbox 569 1182 753 1252; x_wconf 87' lang='lat' dir='ltr'><strong>quibus</strong></span> <span class='ocrx_word' id='word_1_95' title='bbox 796 1179 1060 1233; x_wconf 89' lang='lat' dir='ltr'><strong>conficitur</strong></span> <span class='ocrx_word' id='word_1_96' title='bbox 1102 1180 1342 1233; x_wconf 85' lang='lat' dir='ltr'><strong>universa</strong></span> <span class='ocrx_word' id='word_1_97' title='bbox 1381 1180 1503 1233; x_wconf 83' lang='lat' dir='ltr'><strong>vitae</strong></span> <span class='ocrx_word' id='word_1_98' title='bbox 1551 1187 1604 1233; x_wconf 90' lang='lat' dir='ltr'><strong>et</strong></span> <span class='ocrx_word' id='word_1_99' title='bbox 1651 1180 2051 1233; x_wconf 87' lang='lat' dir='ltr'><strong>conversationis</strong></span> 
     </span>
     <span class='ocr_line' id='line_1_13' title="bbox 216 1261 2052 1332; baseline -0.003 -13"><span class='ocrx_word' id='word_1_100' title='bbox 216 1267 366 1320; x_wconf 84' lang='lat' dir='ltr'><strong>rati0.</strong></span> <span class='ocrx_word' id='word_1_101' title='bbox 456 1267 572 1329; x_wconf 78' lang='lat' dir='ltr'><strong>Quo</strong></span> <span class='ocrx_word' id='word_1_102' title='bbox 623 1282 774 1317; x_wconf 88' lang='lat' dir='ltr'><strong>sensu</strong></span> <span class='ocrx_word' id='word_1_103' title='bbox 827 1262 1070 1315; x_wconf 86' lang='lat' dir='ltr'><strong>videntur</strong></span> <span class='ocrx_word' id='word_1_104' title='bbox 1122 1261 1211 1314; x_wconf 89' lang='lat' dir='ltr'><strong>illa</strong></span> <span class='ocrx_word' id='word_1_105' title='bbox 1266 1261 1632 1332; x_wconf 86' lang='lat' dir='ltr'><strong>Apostolorum</strong></span> <span class='ocrx_word' id='word_1_106' title='bbox 1687 1262 1850 1315; x_wconf 88' lang='lat' dir='ltr'><strong>verba</strong></span> <span class='ocrx_word' id='word_1_107' title='bbox 1902 1262 2052 1315; x_wconf 89' lang='lat' dir='ltr'><strong>intel-</strong></span> 
     </span>
     <span class='ocr_line' id='line_1_14' title="bbox 218 1345 2052 1421; baseline -0.001 -20"><span class='ocrx_word' id='word_1_108' title='bbox 218 1349 462 1421; x_wconf 84' lang='lat' dir='ltr'><strong>ligenda3</strong></span> <span class='ocrx_word' id='word_1_109' title='bbox 518 1348 634 1400; x_wconf 78' lang='lat' dir='ltr'><strong>Viri</strong></span> <span class='ocrx_word' id='word_1_110' title='bbox 662 1348 897 1414; x_wconf 64' lang='lat' dir='ltr'><strong>fratrae,</strong></span> <span class='ocrx_word' id='word_1_111' title='bbox 943 1363 1035 1413; x_wconf 65' lang='lat' dir='ltr'><strong>eqo</strong></span> <span class='ocrx_word' id='word_1_112' title='bbox 1078 1346 1224 1397; x_wconf 80' lang='lat' dir='ltr'><strong>omni</strong></span> <span class='ocrx_word' id='word_1_113' title='bbox 1268 1346 1406 1397; x_wconf 83' lang='lat' dir='ltr'><strong>bona</strong></span> <span class='ocrx_word' id='word_1_114' title='bbox 1452 1345 1778 1397; x_wconf 81' lang='lat' dir='ltr'><strong>conscientia</strong></span> <span class='ocrx_word' id='word_1_115' title='bbox 1820 1346 2052 1399; x_wconf 77' lang='grc' dir='ltr'>πεπολί-</span> 
     </span>
     <span class='ocr_line' id='line_1_15' title="bbox 220 1427 2055 1500; baseline -0.003 -16"><span class='ocrx_word' id='word_1_116' title='bbox 220 1455 413 1495; x_wconf 81' lang='grc' dir='ltr'>τευμαι</span> <span class='ocrx_word' id='word_1_117' title='bbox 457 1430 538 1500; x_wconf 79' lang='grc' dir='ltr'><strong>τῷ</strong></span> <span class='ocrx_word' id='word_1_118' title='bbox 575 1430 711 1499; x_wconf 81' lang='grc' dir='ltr'>Θεῷ,</span> <span class='ocrx_word' id='word_1_119' title='bbox 742 1436 1083 1480; x_wconf 75' lang='lat' dir='ltr'><strong>conversatus</strong></span> <span class='ocrx_word' id='word_1_120' title='bbox 1110 1444 1228 1478; x_wconf 71' lang='lat' dir='ltr'><strong>sum</strong></span> <span class='ocrx_word' id='word_1_121' title='bbox 1257 1444 1441 1478; x_wconf 84' lang='lat' dir='ltr'><strong>coram</strong></span> <span class='ocrx_word' id='word_1_122' title='bbox 1469 1427 1588 1478; x_wconf 88' lang='lat' dir='ltr'><strong>Deo</strong></span> <span class='ocrx_word' id='word_1_123' title='bbox 1616 1428 1695 1477; x_wconf 80' lang='lat' dir='ltr'><strong>ad</strong></span> <span class='ocrx_word' id='word_1_124' title='bbox 1720 1427 1861 1478; x_wconf 80' lang='lat' dir='ltr'><strong>hunc</strong></span> <span class='ocrx_word' id='word_1_125' title='bbox 1889 1445 2055 1493; x_wconf 76' lang='lat' dir='ltr'><strong>usque</strong></span> 
     </span>
     <span class='ocr_line' id='line_1_16' title="bbox 220 1508 2056 1575; baseline -0.004 -10"><span class='ocrx_word' id='word_1_126' title='bbox 220 1515 378 1566; x_wconf 81' lang='lat' dir='ltr'><strong>diem.</strong></span> <span class='ocrx_word' id='word_1_127' title='bbox 423 1512 544 1564; x_wconf 83' lang='lat' dir='ltr'><strong>Act.</strong></span> <span class='ocrx_word' id='word_1_128' title='bbox 575 1509 723 1562; x_wconf 86' lang='lat' dir='ltr'><strong>xxiii.</strong></span> <span class='ocrx_word' id='word_1_129' title='bbox 756 1510 805 1559; x_wconf 91' lang='grc'><strong>1.</strong></span> <span class='ocrx_word' id='word_1_130' title='bbox 895 1508 1221 1575; x_wconf 79' lang='lat' dir='ltr'><strong>Confidimus</strong></span> <span class='ocrx_word' id='word_1_131' title='bbox 1259 1509 1401 1575; x_wconf 81' lang='lat' dir='ltr'><strong>quod</strong></span> <span class='ocrx_word' id='word_1_132' title='bbox 1440 1508 1632 1559; x_wconf 85' lang='lat' dir='ltr'><strong>bonam</strong></span> <span class='ocrx_word' id='word_1_133' title='bbox 1675 1509 2056 1560; x_wconf 78' lang='lat' dir='ltr'><strong>conscientiam</strong></span> 
     </span>
     <span class='ocr_line' id='line_1_17' title="bbox 220 1589 2052 1658; baseline -0.002 -12"><span class='ocrx_word' id='word_1_134' title='bbox 220 1593 488 1654; x_wconf 71' lang='lat' dir='ltr'><strong>habemuS,</strong></span> <span class='ocrx_word' id='word_1_135' title='bbox 533 1595 593 1644; x_wconf 82' lang='lat' dir='ltr'><strong>in</strong></span> <span class='ocrx_word' id='word_1_136' title='bbox 635 1591 879 1644; x_wconf 76' lang='lat' dir='ltr'><strong>omnibus</strong></span> <span class='ocrx_word' id='word_1_137' title='bbox 924 1590 1192 1658; x_wconf 77' lang='lat' dir='ltr'><strong>cupientes</strong></span> <span class='ocrx_word' id='word_1_138' title='bbox 1239 1589 1448 1641; x_wconf 76' lang='lat' dir='ltr'><strong>honeste</strong></span> <span class='ocrx_word' id='word_1_139' title='bbox 1504 1590 1827 1642; x_wconf 76' lang='lat' dir='ltr'><strong>conversari.</strong></span> <span class='ocrx_word' id='word_1_140' title='bbox 1915 1591 2052 1642; x_wconf 86' lang='lat' dir='ltr'><strong>Heb.</strong></span> 
     </span>
     <span class='ocr_line' id='line_1_18' title="bbox 220 1669 2055 1739; baseline -0.003 -11"><span class='ocrx_word' id='word_1_141' title='bbox 220 1676 324 1728; x_wconf 87' lang='lat' dir='ltr'><strong>xiii.</strong></span> <span class='ocrx_word' id='word_1_142' title='bbox 359 1676 446 1727; x_wconf 88' lang='lat'><strong>18.</strong></span> <span class='ocrx_word' id='word_1_143' title='bbox 509 1672 647 1736; x_wconf 79' lang='lat' dir='ltr'><strong>Quin</strong></span> <span class='ocrx_word' id='word_1_144' title='bbox 676 1679 729 1724; x_wconf 90' lang='lat' dir='ltr'><strong>et</strong></span> <span class='ocrx_word' id='word_1_145' title='bbox 761 1673 790 1723; x_wconf 89' lang='lat'>1</span> <span class='ocrx_word' id='word_1_146' title='bbox 815 1673 938 1723; x_wconf 89' lang='lat' dir='ltr'><strong>Pet.</strong></span> <span class='ocrx_word' id='word_1_147' title='bbox 969 1669 1038 1722; x_wconf 90' lang='lat' dir='ltr'><strong>iii.</strong></span> <span class='ocrx_word' id='word_1_148' title='bbox 1076 1672 1162 1732; x_wconf 90' lang='lat'><strong>16,</strong></span> <span class='ocrx_word' id='word_1_149' title='bbox 1195 1670 1332 1739; x_wconf 91' lang='lat' dir='ltr'><strong>quod</strong></span> <span class='ocrx_word' id='word_1_150' title='bbox 1362 1669 1506 1723; x_wconf 88' lang='lat' dir='ltr'><strong>initio</strong></span> <span class='ocrx_word' id='word_1_151' title='bbox 1537 1688 1732 1733; x_wconf 79' lang='lat' dir='ltr'><strong>verSUS‚</strong></span> <span class='ocrx_word' id='word_1_152' title='bbox 1770 1672 1850 1738; x_wconf 88' lang='lat' dir='ltr'><strong>(ut</strong></span> <span class='ocrx_word' id='word_1_153' title='bbox 1880 1672 2055 1723; x_wconf 91' lang='lat' dir='ltr'><strong>obser-</strong></span> 
     </span>
     <span class='ocr_line' id='line_1_19' title="bbox 221 1745 2055 1826; baseline -0.003 -15"><span class='ocrx_word' id='word_1_154' title='bbox 221 1757 365 1811; x_wconf 89' lang='lat' dir='ltr'><strong>vavit</strong></span> <span class='ocrx_word' id='word_1_155' title='bbox 390 1756 471 1809; x_wconf 90' lang='lat' dir='ltr'><strong>vir</strong></span> <span class='ocrx_word' id='word_1_156' title='bbox 499 1756 613 1826; x_wconf 89' lang='lat' dir='ltr'><strong>pius</strong></span> <span class='ocrx_word' id='word_1_157' title='bbox 643 1761 696 1807; x_wconf 91' lang='lat' dir='ltr'><strong>et</strong></span> <span class='ocrx_word' id='word_1_158' title='bbox 725 1753 942 1821; x_wconf 56' lang='lat' dir='ltr'><strong>doctus)</strong></span> <span class='ocrx_word' id='word_1_159' title='bbox 987 1745 1280 1817; x_wconf 74' lang='grc' dir='ltr'>συνείδησις</span> <span class='ocrx_word' id='word_1_160' title='bbox 1323 1748 1514 1825; x_wconf 65' lang='grc' dir='ltr'>ἀγαθή</span> <span class='ocrx_word' id='word_1_161' title='bbox 1556 1751 1760 1814; x_wconf 90' lang='lat' dir='ltr'><strong>dicitur,</strong></span> <span class='ocrx_word' id='word_1_162' title='bbox 1800 1752 1855 1805; x_wconf 91' lang='lat' dir='ltr'><strong>id</strong></span> <span class='ocrx_word' id='word_1_163' title='bbox 1887 1752 2055 1824; x_wconf 89' lang='lat' dir='ltr'><strong>ipsum</strong></span> 
     </span>
     <span class='ocr_line' id='line_1_20' title="bbox 220 1830 2056 1912; baseline -0.003 -20"><span class='ocrx_word' id='word_1_164' title='bbox 220 1840 274 1892; x_wconf 91' lang='lat' dir='ltr'><strong>in</strong></span> <span class='ocrx_word' id='word_1_165' title='bbox 302 1839 402 1891; x_wconf 91' lang='lat' dir='ltr'><strong>fine</strong></span> <span class='ocrx_word' id='word_1_166' title='bbox 434 1837 662 1908; x_wconf 87' lang='lat' dir='ltr'><strong>ejusdem</strong></span> <span class='ocrx_word' id='word_1_167' title='bbox 700 1853 880 1889; x_wconf 91' lang='lat' dir='ltr'><strong>versus</strong></span> <span class='ocrx_word' id='word_1_168' title='bbox 923 1830 1114 1906; x_wconf 65' lang='grc' dir='ltr'>οἷνγαθὴ</span> <span class='ocrx_word' id='word_1_169' title='bbox 1159 1831 1499 1912; x_wconf 79' lang='grc' dir='ltr'>α’ναστροφὴ</span> <span class='ocrx_word' id='word_1_170' title='bbox 1533 1834 1840 1905; x_wconf 87' lang='lat' dir='ltr'><strong>appellatur.</strong></span> <span class='ocrx_word' id='word_1_171' title='bbox 1917 1836 2056 1898; x_wconf 80' lang='lat' dir='ltr'><strong>Quo-</strong></span> 
     </span>
     <span class='ocr_line' id='line_1_21' title="bbox 220 1916 2057 1989; baseline -0.003 -15"><span class='ocrx_word' id='word_1_172' title='bbox 220 1922 316 1975; x_wconf 91' lang='lat' dir='ltr'><strong>ties</strong></span> <span class='ocrx_word' id='word_1_173' title='bbox 359 1921 514 1974; x_wconf 87' lang='lat' dir='ltr'><strong>etiam</strong></span> <span class='ocrx_word' id='word_1_174' title='bbox 554 1917 844 1989; x_wconf 89' lang='lat' dir='ltr'><strong>quempiam</strong></span> <span class='ocrx_word' id='word_1_175' title='bbox 886 1916 1155 1971; x_wconf 89' lang='lat' dir='ltr'><strong>laudamus</strong></span> <span class='ocrx_word' id='word_1_176' title='bbox 1196 1923 1288 1969; x_wconf 87' lang='lat' dir='ltr'><strong>aut</strong></span> <span class='ocrx_word' id='word_1_177' title='bbox 1330 1917 1697 1988; x_wconf 78' lang='lat' dir='ltr'><strong>vituperamUS,</strong></span> <span class='ocrx_word' id='word_1_178' title='bbox 1745 1924 1804 1970; x_wconf 91' lang='lat' dir='ltr'><strong>ut</strong></span> <span class='ocrx_word' id='word_1_179' title='bbox 1838 1917 2057 1989; x_wconf 73' lang='lat' dir='ltr'><strong>integrae</strong></span> 
     </span>
     <span class='ocr_line' id='line_1_22' title="bbox 226 1999 2058 2070; baseline -0.003 -13"><span class='ocrx_word' id='word_1_180' title='bbox 226 2005 576 2057; x_wconf 77' lang='lat' dir='ltr'><strong>Conscientiae</strong></span> <span class='ocrx_word' id='word_1_181' title='bbox 606 2001 774 2055; x_wconf 90' lang='lat' dir='ltr'><strong>virum</strong></span> <span class='ocrx_word' id='word_1_182' title='bbox 816 2005 908 2052; x_wconf 87' lang='lat' dir='ltr'><strong>aut</strong></span> <span class='ocrx_word' id='word_1_183' title='bbox 949 2005 1222 2069; x_wconf 73' lang='lat' dir='ltr'><strong>corruptae,</strong></span> <span class='ocrx_word' id='word_1_184' title='bbox 1269 2017 1334 2051; x_wconf 91' lang='lat' dir='ltr'><strong>ex</strong></span> <span class='ocrx_word' id='word_1_185' title='bbox 1372 1999 1562 2053; x_wconf 89' lang='lat' dir='ltr'><strong>intuitu</strong></span> <span class='ocrx_word' id='word_1_186' title='bbox 1605 2017 1805 2051; x_wconf 90' lang='lat' dir='ltr'><strong>morum</strong></span> <span class='ocrx_word' id='word_1_187' title='bbox 1846 2006 1899 2052; x_wconf 92' lang='lat' dir='ltr'><strong>et</strong></span> <span class='ocrx_word' id='word_1_188' title='bbox 1934 2018 2058 2070; x_wconf 91' lang='lat' dir='ltr'><strong>quo-</strong></span> 
     </span>
     <span class='ocr_line' id='line_1_23' title="bbox 221 2080 2058 2153; baseline -0.002 -15"><span class='ocrx_word' id='word_1_189' title='bbox 221 2086 432 2139; x_wconf 84' lang='lat' dir='ltr'><strong>tidianae</strong></span> <span class='ocrx_word' id='word_1_190' title='bbox 471 2082 888 2144; x_wconf 76' lang='lat' dir='ltr'><strong>conversationiS,</strong></span> <span class='ocrx_word' id='word_1_191' title='bbox 934 2081 1042 2134; x_wconf 91' lang='lat' dir='ltr'><strong>sine</strong></span> <span class='ocrx_word' id='word_1_192' title='bbox 1079 2087 1320 2151; x_wconf 88' lang='lat' dir='ltr'><strong>respectu</strong></span> <span class='ocrx_word' id='word_1_193' title='bbox 1355 2081 1534 2134; x_wconf 88' lang='lat' dir='ltr'><strong>habito</strong></span> <span class='ocrx_word' id='word_1_194' title='bbox 1571 2080 1639 2133; x_wconf 92' lang='lat' dir='ltr'><strong>ad</strong></span> <span class='ocrx_word' id='word_1_195' title='bbox 1667 2081 1875 2151; x_wconf 90' lang='lat' dir='ltr'><strong>aliquod</strong></span> <span class='ocrx_word' id='word_1_196' title='bbox 1899 2082 2058 2153; x_wconf 86' lang='lat' dir='ltr'><strong>ipsius</strong></span> 
     </span>
     <span class='ocr_line' id='line_1_24' title="bbox 223 2162 2059 2239; baseline -0.002 -18"><span class='ocrx_word' id='word_1_197' title='bbox 223 2168 415 2221; x_wconf 90' lang='lat' dir='ltr'><strong>factum</strong></span> <span class='ocrx_word' id='word_1_198' title='bbox 453 2165 797 2239; x_wconf 81' lang='lat' dir='ltr'><strong>particulare3</strong></span> <span class='ocrx_word' id='word_1_199' title='bbox 844 2182 946 2218; x_wconf 88' lang='lat' dir='ltr'><strong>vox</strong></span> <span class='ocrx_word' id='word_1_200' title='bbox 983 2164 1330 2218; x_wconf 78' lang='lat' dir='ltr'><strong>Conscientice</strong></span> <span class='ocrx_word' id='word_1_201' title='bbox 1357 2163 1551 2233; x_wconf 89' lang='lat' dir='ltr'><strong>liquido</strong></span> <span class='ocrx_word' id='word_1_202' title='bbox 1590 2162 1644 2215; x_wconf 90' lang='lat' dir='ltr'><strong>in</strong></span> <span class='ocrx_word' id='word_1_203' title='bbox 1681 2164 1814 2217; x_wconf 91' lang='lat' dir='ltr'><strong>hanc</strong></span> <span class='ocrx_word' id='word_1_204' title='bbox 1853 2172 2059 2236; x_wconf 86' lang='lat' dir='ltr'><strong>partem</strong></span> 
     </span>
     <span class='ocr_line' id='line_1_25' title="bbox 223 2249 457 2303; baseline -0.009 0"><span class='ocrx_word' id='word_1_205' title='bbox 223 2249 457 2303; x_wconf 89' lang='lat' dir='ltr'><strong>sumitur.</strong></span> 
     </span>
    </p>

    <p class='ocr_par' dir='ltr' id='par_1_4' title="bbox 225 2327 2064 2646">
     <span class='ocr_line' id='line_1_26' title="bbox 351 2327 2061 2400; baseline 0 -17"><span class='ocrx_word' id='word_1_206' title='bbox 351 2332 506 2383; x_wconf 92' lang='lat' dir='ltr'>XIII.</span> <span class='ocrx_word' id='word_1_207' title='bbox 588 2328 818 2400; x_wconf 89' lang='lat' dir='ltr'><strong>Exposui</strong></span> <span class='ocrx_word' id='word_1_208' title='bbox 860 2327 961 2381; x_wconf 85' lang='lat' dir='ltr'><strong>ista</strong></span> <span class='ocrx_word' id='word_1_209' title='bbox 1001 2327 1169 2381; x_wconf 86' lang='lat' dir='ltr'><strong>fateor</strong></span> <span class='ocrx_word' id='word_1_210' title='bbox 1211 2327 1373 2381; x_wconf 91' lang='lat' dir='ltr'><strong>multo</strong></span> <span class='ocrx_word' id='word_1_211' title='bbox 1411 2327 1673 2399; x_wconf 79' lang='lat' dir='ltr'><strong>proliinS,</strong></span> <span class='ocrx_word' id='word_1_212' title='bbox 1717 2346 1870 2399; x_wconf 89' lang='lat' dir='ltr'><strong>quam</strong></span> <span class='ocrx_word' id='word_1_213' title='bbox 1913 2329 2061 2383; x_wconf 89' lang='lat' dir='ltr'><strong>initio</strong></span> 
     </span>
     <span class='ocr_line' id='line_1_27' title="bbox 225 2409 2062 2481; baseline 0 -16"><span class='ocrx_word' id='word_1_214' title='bbox 225 2413 581 2475; x_wconf 83' lang='lat' dir='ltr'><strong>institueram3</strong></span> <span class='ocrx_word' id='word_1_215' title='bbox 646 2410 879 2464; x_wconf 85' lang='lat' dir='ltr'><strong>fortassis</strong></span> <span class='ocrx_word' id='word_1_216' title='bbox 930 2409 1085 2463; x_wconf 88' lang='lat' dir='ltr'><strong>etiam</strong></span> <span class='ocrx_word' id='word_1_217' title='bbox 1148 2428 1303 2480; x_wconf 86' lang='lat' dir='ltr'><strong>quam</strong></span> <span class='ocrx_word' id='word_1_218' title='bbox 1361 2429 1457 2481; x_wconf 91' lang='lat' dir='ltr'><strong>pro</strong></span> <span class='ocrx_word' id='word_1_219' title='bbox 1514 2417 1689 2464; x_wconf 91' lang='lat' dir='ltr'><strong>vestra</strong></span> <span class='ocrx_word' id='word_1_220' title='bbox 1739 2412 2062 2481; x_wconf 89' lang='lat' dir='ltr'><strong>(Auditores)</strong></span> 
     </span>
     <span class='ocr_line' id='line_1_28' title="bbox 227 2492 2062 2566; baseline -0.002 -18"><span class='ocrx_word' id='word_1_221' title='bbox 227 2494 580 2566; x_wconf 85' lang='lat' dir='ltr'><strong>expectatione</strong></span> <span class='ocrx_word' id='word_1_222' title='bbox 630 2493 924 2546; x_wconf 87' lang='lat' dir='ltr'><strong>debueram.</strong></span> <span class='ocrx_word' id='word_1_223' title='bbox 1005 2493 1360 2545; x_wconf 90' lang='lat' dir='ltr'><strong>Veruntamen</strong></span> <span class='ocrx_word' id='word_1_224' title='bbox 1414 2492 1666 2562; x_wconf 72' lang='lat' dir='ltr'><strong>aequiores</strong></span> <span class='ocrx_word' id='word_1_225' title='bbox 1715 2511 1807 2546; x_wconf 87' lang='lat' dir='ltr'><strong>vos</strong></span> <span class='ocrx_word' id='word_1_226' title='bbox 1858 2494 2062 2547; x_wconf 87' lang='lat' dir='ltr'><strong>futuros</strong></span> 
     </span>
     <span class='ocr_line' id='line_1_29' title="bbox 227 2573 2064 2646; baseline -0.002 -16"><span class='ocrx_word' id='word_1_227' title='bbox 227 2578 441 2640; x_wconf 89' lang='lat' dir='ltr'><strong>confido,</strong></span> <span class='ocrx_word' id='word_1_228' title='bbox 485 2576 529 2629; x_wconf 90' lang='lat' dir='ltr'><strong>si</strong></span> <span class='ocrx_word' id='word_1_229' title='bbox 571 2573 858 2628; x_wconf 88' lang='lat' dir='ltr'><strong>constiterit</strong></span> <span class='ocrx_word' id='word_1_230' title='bbox 906 2574 1041 2626; x_wconf 91' lang='lat' dir='ltr'><strong>hanc</strong></span> <span class='ocrx_word' id='word_1_231' title='bbox 1090 2574 1143 2626; x_wconf 90' lang='lat' dir='ltr'><strong>in</strong></span> <span class='ocrx_word' id='word_1_232' title='bbox 1198 2573 1502 2645; x_wconf 86' lang='lat' dir='ltr'><strong>explicando</strong></span> <span class='ocrx_word' id='word_1_233' title='bbox 1554 2577 1792 2642; x_wconf 81' lang='lat' dir='ltr'><strong>Definito</strong></span> <span class='ocrx_word' id='word_1_234' title='bbox 1848 2575 2064 2646; x_wconf 89' lang='lat' dir='ltr'><strong>prolixi-</strong></span> 
     </span>
    </p>
   </div>
   <div class='ocr_carea' id='block_1_3' title="bbox 227 2765 2073 3447">
    <p class='ocr_par' dir='ltr' id='par_1_5' title="bbox 227 2765 2062 2895">
     <span class='ocr_line' id='line_1_30' title="bbox 227 2765 2062 2828; baseline 0.003 -18"><span class='ocrx_word' id='word_1_235' title='bbox 227 2771 322 2811; x_wconf 88' lang='lat' dir='ltr'><strong>ters</strong></span> <span class='ocrx_word' id='word_1_236' title='bbox 342 2766 579 2824; x_wconf 85' lang='lat' dir='ltr'><strong>practical,</strong></span> <span class='ocrx_word' id='word_1_237' title='bbox 600 2765 682 2810; x_wconf 90' lang='lat' dir='ltr'><strong>the</strong></span> <span class='ocrx_word' id='word_1_238' title='bbox 704 2766 964 2825; x_wconf 85' lang='lat' dir='ltr'><strong>Synteresis</strong></span> <span class='ocrx_word' id='word_1_239' title='bbox 985 2768 1022 2811; x_wconf 87' lang='lat' dir='ltr'><strong>is</strong></span> <span class='ocrx_word' id='word_1_240' title='bbox 1044 2767 1126 2811; x_wconf 89' lang='lat' dir='ltr'><strong>the</strong></span> <span class='ocrx_word' id='word_1_241' title='bbox 1145 2767 1280 2811; x_wconf 86' lang='lat' dir='ltr'><strong>habit</strong></span> <span class='ocrx_word' id='word_1_242' title='bbox 1305 2768 1360 2811; x_wconf 90' lang='lat' dir='ltr'><strong>of</strong></span> <span class='ocrx_word' id='word_1_243' title='bbox 1373 2768 1592 2827; x_wconf 91' lang='lat' dir='ltr'><strong>knowing</strong></span> <span class='ocrx_word' id='word_1_244' title='bbox 1614 2769 1715 2814; x_wconf 88' lang='lat' dir='ltr'><strong>first</strong></span> <span class='ocrx_word' id='word_1_245' title='bbox 1735 2771 1985 2828; x_wconf 84' lang='lat' dir='ltr'><strong>priuciples</strong></span> <span class='ocrx_word' id='word_1_246' title='bbox 2011 2784 2062 2815; x_wconf 86' lang='lat' dir='ltr'><strong>as</strong></span> 
     </span>
     <span class='ocr_line' id='line_1_31' title="bbox 228 2837 1914 2895; baseline 0.002 -14"><span class='ocrx_word' id='word_1_247' title='bbox 228 2842 277 2881; x_wconf 87' lang='lat' dir='ltr'><strong>to</strong></span> <span class='ocrx_word' id='word_1_248' title='bbox 302 2837 424 2895; x_wconf 89' lang='lat' dir='ltr'><strong>good</strong></span> <span class='ocrx_word' id='word_1_249' title='bbox 449 2837 542 2880; x_wconf 88' lang='lat' dir='ltr'><strong>and</strong></span> <span class='ocrx_word' id='word_1_250' title='bbox 563 2837 667 2890; x_wconf 91' lang='lat' dir='ltr'><strong>evil,</strong></span> <span class='ocrx_word' id='word_1_251' title='bbox 687 2838 877 2882; x_wconf 89' lang='lat' dir='ltr'><strong>whence</strong></span> <span class='ocrx_word' id='word_1_252' title='bbox 898 2853 977 2882; x_wconf 88' lang='lat' dir='ltr'><strong>are</strong></span> <span class='ocrx_word' id='word_1_253' title='bbox 999 2838 1209 2883; x_wconf 90' lang='lat' dir='ltr'><strong>deduced</strong></span> <span class='ocrx_word' id='word_1_254' title='bbox 1231 2839 1521 2884; x_wconf 87' lang='lat' dir='ltr'><strong>conclusions</strong></span> <span class='ocrx_word' id='word_1_255' title='bbox 1548 2840 1602 2884; x_wconf 87' lang='lat' dir='ltr'><strong>of</strong></span> <span class='ocrx_word' id='word_1_256' title='bbox 1619 2841 1914 2886; x_wconf 85' lang='lat' dir='ltr'><strong>Conscience.</strong></span> 
     </span>
    </p>

    <p class='ocr_par' dir='ltr' id='par_1_6' title="bbox 231 2908 2064 3178">
     <span class='ocr_line' id='line_1_32' title="bbox 337 2908 2063 2970; baseline 0.003 -20"><span class='ocrx_word' id='word_1_257' title='bbox 337 2908 559 2965; x_wconf 83' lang='lat' dir='ltr'><strong>Thirdly3</strong></span> <span class='ocrx_word' id='word_1_258' title='bbox 598 2908 880 2953; x_wconf 80' lang='lat' dir='ltr'><strong>Conscience</strong></span> <span class='ocrx_word' id='word_1_259' title='bbox 915 2910 954 2953; x_wconf 89' lang='lat' dir='ltr'><strong>is</strong></span> <span class='ocrx_word' id='word_1_260' title='bbox 984 2910 1128 2953; x_wconf 87' lang='lat' dir='ltr'><strong>taken</strong></span> <span class='ocrx_word' id='word_1_261' title='bbox 1159 2909 1236 2953; x_wconf 84' lang='lat' dir='ltr'><strong>for</strong></span> <span class='ocrx_word' id='word_1_262' title='bbox 1266 2910 1348 2953; x_wconf 91' lang='lat' dir='ltr'><strong>the</strong></span> <span class='ocrx_word' id='word_1_263' title='bbox 1373 2910 1522 2955; x_wconf 92' lang='lat' dir='ltr'><strong>whole</strong></span> <span class='ocrx_word' id='word_1_264' title='bbox 1543 2925 1706 2956; x_wconf 89' lang='lat' dir='ltr'><strong>course</strong></span> <span class='ocrx_word' id='word_1_265' title='bbox 1727 2912 1782 2955; x_wconf 90' lang='lat' dir='ltr'><strong>of</strong></span> <span class='ocrx_word' id='word_1_266' title='bbox 1801 2914 2063 2970; x_wconf 88' lang='lat' dir='ltr'><strong>reasoning,</strong></span> 
     </span>
     <span class='ocr_line' id='line_1_33' title="bbox 231 2967 2063 3041; baseline 0.002 -18"><span class='ocrx_word' id='word_1_267' title='bbox 231 2992 285 3023; x_wconf 91' lang='lat' dir='ltr'><strong>or</strong></span> <span class='ocrx_word' id='word_1_268' title='bbox 304 2980 521 3023; x_wconf 78' lang='lat' dir='ltr'><strong>discourse</strong></span> <span class='ocrx_word' id='word_1_269' title='bbox 541 2980 600 3035; x_wconf 91' lang='lat' dir='ltr'><strong>of</strong></span> <span class='ocrx_word' id='word_1_270' title='bbox 610 2967 780 3033; x_wconf 75' lang='lat' dir='ltr'><strong>reason,</strong></span> <span class='ocrx_word' id='word_1_271' title='bbox 806 2980 1056 3024; x_wconf 86' lang='lat' dir='ltr'><strong>contained</strong></span> <span class='ocrx_word' id='word_1_272' title='bbox 1080 2981 1130 3023; x_wconf 90' lang='lat' dir='ltr'><strong>in</strong></span> <span class='ocrx_word' id='word_1_273' title='bbox 1156 2981 1238 3025; x_wconf 88' lang='lat' dir='ltr'><strong>the</strong></span> <span class='ocrx_word' id='word_1_274' title='bbox 1268 2981 1416 3025; x_wconf 83' lang='lat' dir='ltr'><strong>above</strong></span> <span class='ocrx_word' id='word_1_275' title='bbox 1436 2982 1539 3039; x_wconf 88' lang='lat' dir='ltr'><strong>pair</strong></span> <span class='ocrx_word' id='word_1_276' title='bbox 1560 2983 1614 3026; x_wconf 89' lang='lat' dir='ltr'><strong>of</strong></span> <span class='ocrx_word' id='word_1_277' title='bbox 1638 2983 1920 3041; x_wconf 84' lang='lat' dir='ltr'><strong>syllogisms:</strong></span> <span class='ocrx_word' id='word_1_278' title='bbox 1956 2977 2063 3041; x_wconf 76' lang='lat' dir='ltr'><strong>(pro</strong></span> 
     </span>
     <span class='ocr_line' id='line_1_34' title="bbox 232 3046 2064 3112; baseline 0.002 -19"><span class='ocrx_word' id='word_1_279' title='bbox 232 3057 318 3093; x_wconf 90' lang='lat' dir='ltr'><strong>toto</strong></span> <span class='ocrx_word' id='word_1_280' title='bbox 353 3051 430 3093; x_wconf 80' lang='lat' dir='ltr'><strong>illo</strong></span> <span class='ocrx_word' id='word_1_281' title='bbox 465 3051 669 3094; x_wconf 79' lang='lat' dir='ltr'><strong>discursu</strong></span> <span class='ocrx_word' id='word_1_282' title='bbox 695 3052 850 3095; x_wconf 81' lang='lat' dir='ltr'><strong>mentis</strong></span> <span class='ocrx_word' id='word_1_283' title='bbox 869 3046 1116 3111; x_wconf 59' lang='lat' dir='ltr'><strong>praedem)</strong></span> <span class='ocrx_word' id='word_1_284' title='bbox 1147 3052 1387 3110; x_wconf 86' lang='lat' dir='ltr'><strong>including</strong></span> <span class='ocrx_word' id='word_1_285' title='bbox 1420 3053 1537 3097; x_wconf 91' lang='lat' dir='ltr'><strong>both</strong></span> <span class='ocrx_word' id='word_1_286' title='bbox 1569 3053 1651 3098; x_wconf 90' lang='lat' dir='ltr'><strong>the</strong></span> <span class='ocrx_word' id='word_1_287' title='bbox 1678 3054 1944 3112; x_wconf 83' lang='lat' dir='ltr'><strong>Syneidesis</strong></span> <span class='ocrx_word' id='word_1_288' title='bbox 1969 3055 2064 3098; x_wconf 88' lang='lat' dir='ltr'><strong>and</strong></span> 
     </span>
     <span class='ocr_line' id='line_1_35' title="bbox 232 3120 620 3178; baseline 0.003 -15"><span class='ocrx_word' id='word_1_289' title='bbox 232 3120 313 3164; x_wconf 88' lang='lat' dir='ltr'><strong>the</strong></span> <span class='ocrx_word' id='word_1_290' title='bbox 346 3121 620 3178; x_wconf 84' lang='lat' dir='ltr'><strong>Synteresis.</strong></span> 
     </span>
    </p>

    <p class='ocr_par' dir='ltr' id='par_1_7' title="bbox 234 3191 2073 3447">
     <span class='ocr_line' id='line_1_36' title="bbox 320 3191 2073 3253; baseline 0.004 -20"><span class='ocrx_word' id='word_1_291' title='bbox 320 3191 574 3248; x_wconf 81' lang='lat' dir='ltr'><strong>Fourthly;</strong></span> <span class='ocrx_word' id='word_1_292' title='bbox 617 3191 897 3237; x_wconf 85' lang='lat' dir='ltr'><strong>Conscience</strong></span> <span class='ocrx_word' id='word_1_293' title='bbox 932 3193 971 3237; x_wconf 86' lang='lat' dir='ltr'><strong>is</strong></span> <span class='ocrx_word' id='word_1_294' title='bbox 1003 3194 1146 3238; x_wconf 86' lang='lat' dir='ltr'><strong>taken</strong></span> <span class='ocrx_word' id='word_1_295' title='bbox 1180 3194 1256 3238; x_wconf 90' lang='lat' dir='ltr'><strong>for</strong></span> <span class='ocrx_word' id='word_1_296' title='bbox 1294 3194 1376 3238; x_wconf 94' lang='lat' dir='ltr'><strong>the</strong></span> <span class='ocrx_word' id='word_1_297' title='bbox 1412 3200 1660 3253; x_wconf 89' lang='lat' dir='ltr'><strong>aggregate</strong></span> <span class='ocrx_word' id='word_1_298' title='bbox 1698 3196 1971 3252; x_wconf 87' lang='lat' dir='ltr'><strong>knowledge</strong></span> <span class='ocrx_word' id='word_1_299' title='bbox 2015 3197 2073 3240; x_wconf 86' lang='lat' dir='ltr'><strong>of</strong></span> 
     </span>
     <span class='ocr_line' id='line_1_37' title="bbox 235 3261 2067 3323; baseline 0.003 -19"><span class='ocrx_word' id='word_1_300' title='bbox 235 3275 374 3319; x_wconf 80' lang='lat' dir='ltr'><strong>many</strong></span> <span class='ocrx_word' id='word_1_301' title='bbox 393 3261 647 3319; x_wconf 86' lang='lat' dir='ltr'><strong>particular</strong></span> <span class='ocrx_word' id='word_1_302' title='bbox 666 3267 779 3314; x_wconf 87' lang='lat' dir='ltr'><strong>acts,</strong></span> <span class='ocrx_word' id='word_1_303' title='bbox 815 3276 864 3306; x_wconf 88' lang='lat' dir='ltr'><strong>as</strong></span> <span class='ocrx_word' id='word_1_304' title='bbox 886 3263 990 3308; x_wconf 86' lang='lat' dir='ltr'><strong>Act.</strong></span> <span class='ocrx_word' id='word_1_305' title='bbox 1014 3266 1137 3309; x_wconf 87' lang='lat' dir='ltr'><strong>xxiii.</strong></span> <span class='ocrx_word' id='word_1_306' title='bbox 1157 3270 1179 3308; x_wconf 95' lang='lat'>1</span> <span class='ocrx_word' id='word_1_307' title='bbox 1200 3281 1210 3308; x_wconf 72' lang='grc' dir='ltr'><strong>ε</strong></span> <span class='ocrx_word' id='word_1_308' title='bbox 1252 3264 1279 3286; x_wconf 89' lang='grc'><strong>“</strong></span> <span class='ocrx_word' id='word_1_309' title='bbox 1299 3265 1324 3308; x_wconf 88' lang='grc' dir='ltr'>Ι</span> <span class='ocrx_word' id='word_1_310' title='bbox 1349 3265 1471 3310; x_wconf 87' lang='lat' dir='ltr'><strong>have</strong></span> <span class='ocrx_word' id='word_1_311' title='bbox 1498 3266 1621 3310; x_wconf 81' lang='lat' dir='ltr'><strong>lived</strong></span> <span class='ocrx_word' id='word_1_312' title='bbox 1650 3266 1700 3309; x_wconf 93' lang='lat' dir='ltr'><strong>in</strong></span> <span class='ocrx_word' id='word_1_313' title='bbox 1725 3267 1788 3309; x_wconf 91' lang='lat' dir='ltr'><strong>all</strong></span> <span class='ocrx_word' id='word_1_314' title='bbox 1811 3267 1934 3323; x_wconf 93' lang='lat' dir='ltr'><strong>good</strong></span> <span class='ocrx_word' id='word_1_315' title='bbox 1955 3280 2067 3310; x_wconf 91' lang='lat' dir='ltr'><strong>con-</strong></span> 
     </span>
     <span class='ocr_line' id='line_1_38' title="bbox 235 3331 2066 3394; baseline 0.002 -18"><span class='ocrx_word' id='word_1_316' title='bbox 235 3333 416 3376; x_wconf 88' lang='lat' dir='ltr'><strong>science</strong></span> <span class='ocrx_word' id='word_1_317' title='bbox 436 3331 599 3376; x_wconf 84' lang='lat' dir='ltr'><strong>before</strong></span> <span class='ocrx_word' id='word_1_318' title='bbox 622 3331 728 3376; x_wconf 81' lang='lat' dir='ltr'><strong>God</strong></span> <span class='ocrx_word' id='word_1_319' title='bbox 749 3333 870 3376; x_wconf 89' lang='lat' dir='ltr'><strong>until</strong></span> <span class='ocrx_word' id='word_1_320' title='bbox 893 3333 986 3378; x_wconf 87' lang='lat' dir='ltr'><strong>this</strong></span> <span class='ocrx_word' id='word_1_321' title='bbox 1008 3334 1097 3392; x_wconf 79' lang='lat' dir='ltr'><strong>day</strong></span> <span class='ocrx_word' id='word_1_322' title='bbox 1115 3335 1154 3379; x_wconf 85' lang='lat'><strong>:&#39;&#39;</strong></span> <span class='ocrx_word' id='word_1_323' title='bbox 1184 3335 1279 3379; x_wconf 88' lang='lat' dir='ltr'><strong>and</strong></span> <span class='ocrx_word' id='word_1_324' title='bbox 1303 3335 1386 3379; x_wconf 87' lang='lat' dir='ltr'><strong>the</strong></span> <span class='ocrx_word' id='word_1_325' title='bbox 1412 3336 1549 3379; x_wconf 89' lang='lat' dir='ltr'><strong>other</strong></span> <span class='ocrx_word' id='word_1_326' title='bbox 1573 3349 1789 3394; x_wconf 84' lang='lat' dir='ltr'><strong>passages</strong></span> <span class='ocrx_word' id='word_1_327' title='bbox 1814 3337 1990 3394; x_wconf 87' lang='lat' dir='ltr'><strong>quoted</strong></span> <span class='ocrx_word' id='word_1_328' title='bbox 2016 3338 2066 3380; x_wconf 92' lang='lat' dir='ltr'><strong>in</strong></span> 
     </span>
     <span class='ocr_line' id='line_1_39' title="bbox 234 3403 454 3447; baseline 0.005 -1"><span class='ocrx_word' id='word_1_329' title='bbox 234 3403 316 3447; x_wconf 86' lang='lat' dir='ltr'><strong>the</strong></span> <span class='ocrx_word' id='word_1_330' title='bbox 340 3407 454 3447; x_wconf 88' lang='lat' dir='ltr'><strong>text.</strong></span> 
     </span>
    </p>
   </div>
   <div class='ocr_carea' id='block_1_4' title="bbox 237 3466 2070 3748">
    <p class='ocr_par' dir='ltr' id='par_1_8' title="bbox 237 3466 2069 3602">
     <span class='ocr_line' id='line_1_40' title="bbox 329 3466 2069 3535; baseline 0.004 -18"><span class='ocrx_word' id='word_1_331' title='bbox 329 3474 499 3532; x_wconf 84' lang='lat' dir='ltr'><strong>Taylor</strong></span> <span class='ocrx_word' id='word_1_332' title='bbox 533 3466 700 3533; x_wconf 84' lang='lat' dir='ltr'><strong>(Chap.</strong></span> <span class='ocrx_word' id='word_1_333' title='bbox 740 3486 771 3518; x_wconf 93' lang='lat'><strong>1.</strong></span> <span class='ocrx_word' id='word_1_334' title='bbox 801 3472 903 3517; x_wconf 87' lang='lat' dir='ltr'><strong>Art.</strong></span> <span class='ocrx_word' id='word_1_335' title='bbox 938 3468 1016 3534; x_wconf 87' lang='lat'><strong>24)</strong></span> <span class='ocrx_word' id='word_1_336' title='bbox 1048 3475 1098 3518; x_wconf 90' lang='lat' dir='ltr'><strong>in</strong></span> <span class='ocrx_word' id='word_1_337' title='bbox 1126 3475 1222 3519; x_wconf 87' lang='lat' dir='ltr'><strong>like</strong></span> <span class='ocrx_word' id='word_1_338' title='bbox 1252 3489 1448 3521; x_wconf 89' lang='lat' dir='ltr'><strong>manner</strong></span> <span class='ocrx_word' id='word_1_339' title='bbox 1477 3476 1806 3535; x_wconf 88' lang='lat' dir='ltr'><strong>distinguishes</strong></span> <span class='ocrx_word' id='word_1_340' title='bbox 1836 3478 1917 3523; x_wconf 90' lang='lat' dir='ltr'><strong>the</strong></span> <span class='ocrx_word' id='word_1_341' title='bbox 1956 3492 2069 3524; x_wconf 89' lang='lat' dir='ltr'><strong>con-</strong></span> 
     </span>
     <span class='ocr_line' id='line_1_41' title="bbox 237 3543 1427 3602; baseline 0.002 -13"><span class='ocrx_word' id='word_1_342' title='bbox 237 3545 418 3590; x_wconf 80' lang='lat' dir='ltr'><strong>science</strong></span> <span class='ocrx_word' id='word_1_343' title='bbox 438 3546 538 3589; x_wconf 79' lang='lat' dir='ltr'><strong>into</strong></span> <span class='ocrx_word' id='word_1_344' title='bbox 558 3544 640 3589; x_wconf 79' lang='lat' dir='ltr'><strong>the</strong></span> <span class='ocrx_word' id='word_1_345' title='bbox 668 3543 925 3602; x_wconf 81' lang='grc' dir='ltr'>συντήρησις</span> <span class='ocrx_word' id='word_1_346' title='bbox 946 3546 1040 3589; x_wconf 85' lang='lat' dir='ltr'><strong>and</strong></span> <span class='ocrx_word' id='word_1_347' title='bbox 1059 3546 1141 3590; x_wconf 83' lang='lat' dir='ltr'><strong>the</strong></span> <span class='ocrx_word' id='word_1_348' title='bbox 1167 3546 1427 3602; x_wconf 82' lang='grc' dir='ltr'>συνείδησις.</span> 
     </span>
    </p>

    <p class='ocr_par' dir='ltr' id='par_1_9' title="bbox 241 3615 2070 3748">
     <span class='ocr_line' id='line_1_42' title="bbox 328 3615 2070 3679; baseline 0.003 -20"><span class='ocrx_word' id='word_1_349' title='bbox 328 3620 398 3660; x_wconf 88' lang='grc'><strong>13.</strong></span> <span class='ocrx_word' id='word_1_350' title='bbox 476 3615 578 3661; x_wconf 85' lang='lat' dir='ltr'><strong>The</strong></span> <span class='ocrx_word' id='word_1_351' title='bbox 599 3616 841 3660; x_wconf 90' lang='lat' dir='ltr'><strong>definition</strong></span> <span class='ocrx_word' id='word_1_352' title='bbox 866 3617 1012 3661; x_wconf 80' lang='lat' dir='ltr'><strong>above</strong></span> <span class='ocrx_word' id='word_1_353' title='bbox 1032 3617 1184 3675; x_wconf 86' lang='lat' dir='ltr'><strong>given,</strong></span> <span class='ocrx_word' id='word_1_354' title='bbox 1203 3616 1305 3662; x_wconf 87' lang='lat' dir='ltr'><strong>Art.</strong></span> <span class='ocrx_word' id='word_1_355' title='bbox 1332 3623 1401 3671; x_wconf 92' lang='lat'><strong>11,</strong></span> <span class='ocrx_word' id='word_1_356' title='bbox 1427 3619 1521 3662; x_wconf 92' lang='lat' dir='ltr'><strong>and</strong></span> <span class='ocrx_word' id='word_1_357' title='bbox 1540 3632 1644 3662; x_wconf 88' lang='lat' dir='ltr'><strong>now</strong></span> <span class='ocrx_word' id='word_1_358' title='bbox 1660 3623 1709 3663; x_wconf 92' lang='lat' dir='ltr'><strong>to</strong></span> <span class='ocrx_word' id='word_1_359' title='bbox 1729 3619 1789 3664; x_wconf 91' lang='lat' dir='ltr'><strong>be</strong></span> <span class='ocrx_word' id='word_1_360' title='bbox 1810 3621 2070 3679; x_wconf 85' lang='lat' dir='ltr'><strong>explained,</strong></span> 
     </span>
     <span class='ocr_line' id='line_1_43' title="bbox 241 3686 2069 3748; baseline 0.004 -19"><span class='ocrx_word' id='word_1_361' title='bbox 241 3686 416 3745; x_wconf 87' lang='lat' dir='ltr'><strong>applies</strong></span> <span class='ocrx_word' id='word_1_362' title='bbox 439 3687 685 3745; x_wconf 85' lang='lat' dir='ltr'><strong>especially</strong></span> <span class='ocrx_word' id='word_1_363' title='bbox 705 3692 755 3731; x_wconf 88' lang='lat' dir='ltr'><strong>to</strong></span> <span class='ocrx_word' id='word_1_364' title='bbox 778 3687 1059 3733; x_wconf 81' lang='lat' dir='ltr'><strong>Conscience</strong></span> <span class='ocrx_word' id='word_1_365' title='bbox 1084 3689 1133 3731; x_wconf 91' lang='lat' dir='ltr'><strong>in</strong></span> <span class='ocrx_word' id='word_1_366' title='bbox 1157 3688 1239 3732; x_wconf 86' lang='lat' dir='ltr'><strong>the</strong></span> <span class='ocrx_word' id='word_1_367' title='bbox 1258 3689 1359 3734; x_wconf 88' lang='lat' dir='ltr'><strong>first</strong></span> <span class='ocrx_word' id='word_1_368' title='bbox 1385 3703 1438 3733; x_wconf 90' lang='lat' dir='ltr'><strong>or</strong></span> <span class='ocrx_word' id='word_1_369' title='bbox 1457 3703 1630 3748; x_wconf 87' lang='lat' dir='ltr'><strong>proper</strong></span> <span class='ocrx_word' id='word_1_370' title='bbox 1648 3704 1795 3744; x_wconf 88' lang='lat' dir='ltr'><strong>sense,</strong></span> <span class='ocrx_word' id='word_1_371' title='bbox 1810 3691 1892 3736; x_wconf 90' lang='lat' dir='ltr'><strong>the</strong></span> <span class='ocrx_word' id='word_1_372' title='bbox 1910 3693 2069 3737; x_wconf 86' lang='lat' dir='ltr'><strong>know-</strong></span> 
     </span>
    </p>
   </div>
  </div>
 </body>
</html>
