2482 4166
750 261 1132 305 PRAELEOTIO
1174 262 1486 307 SECUNDA.
1970 259 2031 311 61

204 393 286 447 vel
327 410 388 446 eo
431 389 587 444 etiam
628 390 730 442 fine
755 391 1031 460 facienda
1059 391 1228 452 mala,
1267 396 1327 442 ut
1364 388 1613 443 illustrior
1641 392 1894 446 reddatur
1923 398 2037 449 Dei

199 476 396 544 yloria.
478 472 721 543 Sequitur
761 491 887 544 ergo
933 490 966 525 a
1009 472 1229 535 fortiori,
1273 490 1378 524 non
1416 490 1527 525 esse
1551 476 1829 543 facienda
1866 479 2033 539 mala,

203 557 268 610 ob
311 556 532 625 aliquem
575 554 729 607 finem
768 555 857 625 qui
900 554 966 608 sit
1007 553 1220 607 inferior
1259 556 1444 625 yloria
1485 557 1612 610 Dei.
1701 556 1831 610 Cum
1874 557 2036 629 igitur

201 638 408 691 cuilibet
455 640 584 691 bono
632 639 882 700 humano,
926 637 1131 708 privato
1179 638 1265 691 vel
1302 638 1522 709 publico,
1563 638 1806 692 infinities
1834 658 2036 711 praepo-

200 721 372 774 nenda
410 720 477 774 sit
532 723 643 774 Dei
682 722 861 790 yloria
880 740 900 782 ;
956 738 1052 773 nec
1104 719 1255 773 liceat
1309 728 1485 774 tamen
1539 722 1624 774 vel
1681 721 1791 793 ejus
1844 725 2036 793 yloriae

201 806 406 857 intuitu
448 804 638 856 malum
676 803 883 857 facere:
925 809 1065 856 certe
1110 821 1215 855 non
1252 802 1424 857 licebit
1459 803 1696 874 cuiquam
1723 811 1816 859 aut
1843 806 2036 858 homini

202 886 451 958 singulari
497 894 589 939 aut
644 885 741 939 toti
795 885 1179 948 Communitati‚
1240 884 1294 937 in
1350 886 1634 940 remedium
1689 888 2035 959 cujuscunque

201 971 339 1022 mali
369 971 586 1040 publici
627 969 711 1022 vel
743 971 978 1040 privati,
1024 975 1116 1022 aut
1151 967 1251 1039 ipsi
1289 968 1481 1022 malum
1524 970 1711 1034 facere,
1755 978 1846 1025 aut
1883 972 2037 1025 alteri

200 1051 489 1105 faciendum
533 1052 906 1106 commendare.

327 1134 540 1190 XXIV.
629 1130 994 1207 Recogitemus
1030 1136 1256 1199 obsecr0,
1301 1135 1596 1200 AuditoreS,
1627 1137 1728 1191 ista
1755 1138 1896 1209 apud
1925 1157 2033 1202 nOS,

201 1218 356 1288 idque
386 1218 550 1271 serio:
595 1226 649 1272 et
676 1237 778 1288 quo
807 1218 1009 1289 pejores
1038 1219 1148 1272 dies
1177 1226 1311 1282 sunt,
1356 1238 1458 1290 quo
1487 1220 1662 1291 plures
1690 1221 2035 1275 tentationum

199 1301 385 1371 laquei,
431 1309 485 1354 et
522 1300 742 1372 impetus
799 1300 1056 1364 fortiores,
1118 1320 1181 1355 eo
1237 1299 1644 1379 ἀκριβέστερον
1698 1304 2033 1368 ambulemuS,

201 1391 255 1437 et
304 1384 499 1455 majore
537 1383 988 1454 circumspectione
1034 1403 1307 1438 caveamus
1353 1386 1614 1457 gressibus
1657 1387 1862 1440 nostris.
1951 1389 2035 1441 Ne

201 1485 233 1519 a
276 1475 418 1520 recto
463 1466 550 1519 illo
595 1474 649 1520 et
696 1473 918 1538 angusto
965 1468 1178 1520 tramite
1220 1469 1580 1521 mandatorum
1622 1469 1726 1521 Dei
1771 1469 2034 1539 patiamur

200 1567 293 1601 nos
339 1548 456 1601 ullis
503 1550 711 1602 Satanae
753 1548 1228 1612 machinationibus,
1264 1557 1355 1603 aut
1392 1550 1570 1603 mundi
1599 1550 1833 1604 carnisve
1866 1551 2034 1604 illece-

199 1631 307 1684 bris
340 1631 408 1684 ad
450 1631 688 1684 dextram
727 1630 1054 1684 sinistramve
1091 1632 1173 1685 vel
1207 1632 1465 1685 tantillum
1499 1633 1716 1687 abduci:
1755 1635 2034 1697 MemoreS,

199 1732 316 1784 quae
361 1712 578 1766 scientes
628 1714 909 1785 prudentes
961 1713 1232 1767 fecerimus
1290 1717 1458 1778 mala,
1506 1716 1715 1779 nullam,
1761 1717 1843 1769 vel
1892 1718 2033 1789 apud

197 1799 376 1851 Deum
392 1797 634 1865 judicem
662 1796 745 1849 vel
784 1796 924 1867 apud
964 1807 1142 1851 testem
1185 1800 1593 1862 Conscientiam,
1637 1799 1881 1852 habitura
1924 1819 2035 1853 esse

197 1878 251 1931 in
287 1879 373 1932 illo
405 1880 489 1932 die
526 1879 921 1933 excusationem.
1008 1881 1079 1933 Et
1117 1881 1183 1933 de
1220 1882 1364 1934 bonae
1414 1885 1737 1936 Intentionis
1775 1891 2036 1953 praetextu

198 1962 462 2016 hactenus,
552 1964 682 2026 Quae
731 1963 798 2016 de
847 1962 1110 2016 hominum
1164 1967 1449 2035 Exemplis
1499 1976 1547 2018 et
1601 1968 1849 2028 Platonis,
1895 1967 2034 2035 quod

197 2045 266 2107 ad
302 2045 536 2118 regimen
585 2044 922 2099 Conscientiae
963 2045 1166 2109 attinet,
1220 2054 1497 2117 supersunt
1535 2047 1768 2111 dicenda,
1812 2067 2031 2121 pergam

198 2128 334 2196 (Deo
365 2129 592 2198 volente)
622 2128 806 2199 exequi
834 2128 1070 2199 proxima
1097 2129 1276 2181 futura
1304 2129 1647 2200 praelectione.

199 2321 340 2378 being
371 2335 499 2365 mere
525 2322 725 2380 trifling:
764 2322 840 2367 for
869 2323 951 2367 the
981 2323 1175 2382 Apostle
1211 2338 1314 2382 says
1347 2338 1415 2368 we
1450 2338 1559 2382 may
1591 2328 1676 2369 not
1709 2325 1769 2369 do
1805 2326 1909 2377 evil,
1949 2331 2033 2371 not

200 2407 316 2436 even
340 2397 390 2435 to
411 2393 547 2437 make
571 2394 653 2438 the
676 2395 809 2453 glory
830 2395 884 2439 of
906 2396 1011 2439 God
1046 2410 1177 2440 more
1208 2396 1440 2440 manifest.
1503 2397 1549 2440 It
1573 2396 1753 2440 follows
1779 2397 2034 2451 therefore,

200 2480 231 2507 α
247 2465 457 2520 fortiori,
486 2465 590 2508 that
614 2479 682 2510 we
703 2481 811 2524 may
840 2472 924 2511 not
951 2468 1011 2511 do
1033 2469 1122 2511 evil
1153 2468 1229 2512 for
1261 2483 1322 2512 an
1343 2469 1436 2512 end
1465 2469 1555 2512 less
1586 2468 1701 2512 than
1721 2468 1803 2512 the
1830 2470 1964 2528 glory
1984 2470 2039 2514 of

202 2536 321 2579 God.
398 2536 506 2579 And
536 2551 584 2580 as
610 2537 691 2581 the
720 2538 855 2596 glory
885 2539 939 2582 of
961 2539 1066 2583 God
1090 2540 1128 2583 is
1159 2545 1209 2583 to
1240 2540 1299 2584 be
1329 2540 1561 2597 infinitely
1590 2540 1834 2597 preferred
1859 2546 1909 2584 to
1941 2556 2034 2599 any

200 2606 337 2651 other
367 2607 472 2659 end,
500 2608 658 2670 public
684 2623 737 2653 or
759 2611 954 2668 private,
984 2612 1022 2654 it
1052 2616 1227 2655 cannot
1259 2612 1319 2656 be
1351 2611 1509 2654 lawful
1540 2611 1692 2655 either
1725 2611 1801 2655 for
1833 2626 1894 2655 an
1915 2613 2043 2656 indi-¹

199 2678 355 2722 vidual
371 2693 425 2723 or
445 2694 472 2723 a
493 2682 793 2740 community,
815 2681 889 2725 for
910 2682 990 2726 the
1005 2684 1198 2742 remedy
1220 2683 1274 2727 of
1288 2698 1380 2742 any
1396 2683 1498 2735 evil,
1518 2682 1676 2741 public
1698 2696 1751 2726 or
1766 2684 1961 2741 private,
1983 2689 2033 2729 to

199 2751 260 2794 do
286 2752 404 2804 evil;
434 2765 522 2795 nor
546 2757 596 2796 to
616 2753 846 2810 persuade
868 2754 1025 2799 others
1046 2760 1095 2799 to
1122 2755 1182 2799 do
1203 2756 1254 2800 it.

286 2827 359 2866 24.
422 2823 509 2867 We
537 2828 662 2868 must
694 2825 753 2869 be
778 2839 908 2869 more
934 2827 1112 2870 careful
1133 2828 1188 2871 of
1209 2842 1296 2871 our
1321 2827 1523 2871 conduct
1554 2841 1617 2872 on
1649 2831 1849 2871 account
1869 2827 1924 2872 of
1949 2829 2031 2874 the

200 2894 291 2937 evil
325 2895 488 2947 times3
536 2896 753 2954 knowing
784 2897 889 2941 that
921 2898 1003 2942 the
1029 2899 1120 2942 evil
1147 2899 1251 2943 that
1276 2914 1344 2943 we
1371 2899 1445 2951 do,
1473 2900 1648 2957 willing
1675 2899 1769 2942 and
1802 2900 2035 2959 knowing,

200 2965 292 3008 will
311 2965 428 3010 have
448 2980 509 3010 no
532 2981 697 3011 excuse
722 2969 833 3012 with
861 2970 967 3013 God
992 2984 1078 3014 our
1093 2972 1124 3014 J
1125 2971 1262 3028 udge,
1283 2985 1337 3015 or
1358 2971 1641 3015 Conscience
1666 2985 1753 3015 our
1767 2972 1984 3016 Witness.

289 3037 396 3081 And
431 3053 481 3082 so
513 3039 653 3083 much
689 3040 744 3083 of
775 3041 910 3084 Good
941 3041 1209 3086 Intention:
1259 3044 1308 3085 in
1336 3043 1418 3087 the
1449 3048 1560 3087 next
1596 3044 1775 3087 lecture
1810 3057 1879 3087 we
1912 3043 2033 3087 shall

201 3109 411 3153 examine
435 3110 516 3154 the
535 3111 664 3155 force
683 3111 738 3155 of
756 3113 1019 3171 Examples,
1045 3114 1139 3157 and
1159 3114 1241 3159 the
1265 3115 1436 3173 weight
1456 3114 1508 3159 of
1529 3115 1767 3173 Opinions.
