2482 4166
881 261 1264 307 PRAELECTIO
1305 264 1503 308 NONA.
2012 261 2046 310 2
2054 259 2117 312 69

281 395 372 443 aut
414 388 565 442 alteri
599 388 952 459 juramentum
990 387 1212 450 deferre,
1256 387 1459 459 aliaque
1502 389 1783 444 consimilia
1801 394 1835 461 z)
1879 394 2120 464 consequi

281 471 501 534 videtur,
533 470 737 524 omnino
765 470 958 523 nullam
981 487 1091 522 esse
1118 472 1327 539 Leyum
1354 473 1720 524 humanarum
1744 474 2116 529 necessitatem.

280 554 334 604 N
335 571 392 605 ec
428 553 563 606 enim
603 553 717 616 erit,
754 552 956 606 sublata
997 554 1406 616 Jurisdietione,
1444 552 1533 624 qui
1569 555 1740 624 Leycs
1779 554 1947 610 ferat:
1989 558 2042 609 N
2044 575 2118 620 ec,

281 635 495 689 sublatis
522 638 782 698 Judiciis,
813 634 901 706 qui
927 634 1246 688 reformidet.

714 732 733 756 θ
750 734 873 789 Quid
902 734 1042 778 tristes
1073 733 1373 791 querimoniae,

788 805 843 850 Si
870 820 961 849 non
990 806 1206 862 supplicio
1237 806 1372 862 culpa
1402 805 1615 850 reciditur
1631 805 1654 848 P

720 877 844 931 Quid
871 891 1001 920 vanae
1030 877 1122 920 sine
1150 877 1348 920 moribus

784 948 920 1005 Leycs
943 948 1177 1006 proficient
1193 948 1216 989 ?

285 1035 534 1090 Concidat
581 1054 788 1089 necesse
830 1043 909 1089 est
948 1037 1254 1099 Directivm
1297 1035 1394 1088 nisi
1439 1035 1486 1089 ei
1530 1036 1756 1101 accedat,
1803 1055 1918 1108 quae
1957 1037 2120 1109 ipsam

283 1118 503 1172 tibicinis
551 1118 605 1171 in
654 1137 851 1172 morem
898 1116 1166 1180 suffulciat,
1219 1120 1483 1172 Coactiva
1531 1121 1731 1192 Legum
1779 1120 1870 1173 vis:
1961 1121 2119 1175 Ratio

283 1208 457 1253 autem
495 1200 764 1255 dubitandi
798 1207 905 1254 est:
951 1200 1088 1270 quod
1132 1201 1362 1254 sufficere
1397 1201 1634 1255 videatur
1668 1204 1875 1255 homini
1911 1204 2121 1257 Gentili

283 1285 521 1337 Naturae
561 1285 693 1347 Lex,
735 1301 850 1353 quae
887 1283 1047 1337 dictat
1083 1286 1327 1337 Peccata
1376 1302 1482 1337 esse
1531 1287 1780 1347 vitanda,
1828 1287 1993 1339 Nulli
2038 1289 2120 1339 in-

275 1366 489 1435 juriam
502 1368 846 1435 faciendam,
883 1376 977 1420 etc.
1064 1365 1172 1418 Aut
1208 1366 1296 1418 illa
1335 1365 1378 1418 si
1412 1366 1548 1420 forte
1592 1366 1795 1430 deficit3
1840 1367 1906 1421 sit
1944 1374 2119 1421 tamen

284 1450 487 1501 homini
527 1450 837 1502 Christiano
879 1448 948 1500 ad
989 1466 1197 1501 manum
1240 1450 1357 1501 Lex
1390 1448 1559 1501 altera
1600 1448 1864 1502 sublimior
1907 1456 1960 1502 et
2002 1469 2119 1521 per-

283 1529 482 1591 fectior,
512 1533 631 1584 Leoe
658 1548 841 1601 nempe
863 1532 1043 1592 Fidei,
1064 1531 1326 1593 Jusffliae,
1358 1541 1407 1583 et
1434 1533 1754 1593 Charitatis,
1782 1531 1849 1583 ab
1879 1549 1939 1584 eo
1966 1549 2120 1601 quem

284 1606 546 1666 fJaeobus
582 1612 787 1665 unicum
825 1612 1056 1685 agnoscit
1093 1614 1344 1665 Judicem
1383 1623 1433 1665 et
1472 1614 1880 1682 Leyislatorem,
1914 1614 2119 1668 Christo

283 1701 550 1747 servatore
578 1693 700 1747 lata.
761 1694 964 1747 Premit
991 1693 1194 1757 acriter,
1221 1701 1280 1747 ut
1309 1693 1515 1764 quidem
1544 1694 1670 1747 mihi
1699 1695 1919 1759 videtur,
1942 1696 2119 1750 isthaec

282 1775 416 1829 ratio
443 1778 748 1830 IVovatoree
774 1783 1009 1839 nostros3
1056 1795 1085 1829 e
1120 1793 1340 1846 quorum
1375 1776 1543 1847 puteis
1580 1777 1827 1848 pleraque
1866 1796 1959 1831 sua
1992 1779 2119 1851 dog-

282 1865 422 1911 mata
449 1859 734 1911 hauserunt
762 1860 1145 1929 Anabaptistoe
1166 1879 1182 1911 .·
1226 1859 1348 1911 dum
1384 1877 1449 1911 ex
1482 1859 1569 1912 illo
1605 1862 1802 1913 Jacobi
1830 1861 2117 1913 testimonio

282 1940 544 2012 colligunt,
577 1947 728 1993 extra
753 1959 919 1993 unum
945 1943 1218 1995 Christum
1247 1941 1373 1993 nulli
1411 1941 1673 1993 hominum
1702 1941 1781 1994 fas
1810 1960 1921 1995 esse
1948 1945 2119 2012 Leycs

282 2024 706 2076 Ecclesiasticas
759 2023 995 2078 condere.
1103 2024 1273 2086 Quum
1321 2022 1455 2074 enim
1503 2023 1640 2075 nullo
1685 2023 1836 2076 modo
1883 2031 2119 2078 constare

281 2104 458 2174 possit,
482 2105 565 2157 vel
594 2123 658 2157 ex
681 2104 732 2157 vi
762 2105 1054 2167 verborum,
1086 2105 1171 2156 vel
1198 2123 1262 2156 ex
1291 2104 1449 2157 totius
1477 2104 1611 2157 illius
1639 2104 1906 2176 perioches
1935 2106 2117 2159 ordine

282 2192 335 2238 et
361 2203 527 2255 scop0,
552 2186 854 2256 Apostolum
876 2186 949 2238 ibi
967 2186 1032 2238 de
1051 2188 1459 2239 Ecclesiasticis
1483 2187 1637 2239 rebus
1658 2187 1925 2259 legibusve
1954 2188 2118 2260 magis

281 2267 522 2329 locutum,
555 2285 708 2338 quam
738 2268 803 2320 de
826 2269 1119 2321 Civilibus:
1148 2267 1245 2320 nisi
1274 2267 1440 2321 videri
1468 2268 1649 2322 malint
1676 2268 1985 2340 praejudiciis
2013 2270 2116 2342 agi,

282 2366 436 2418 quam
464 2349 666 2402 ratione
700 2349 832 2412 duci,
864 2368 893 2402 e
923 2349 1121 2403 duobus
1154 2349 1463 2402 alterutrum
1489 2350 1682 2405 faciant
1711 2358 1946 2422 oportet3
1993 2369 2117 2423 quo-

281 2449 397 2483 rum
427 2447 586 2501 penes
614 2431 752 2501 ipsos
782 2430 920 2501 optio
948 2438 1072 2484 est0.
1148 2431 1366 2495 Scilicet,
1400 2438 1491 2485 aut
1525 2439 1669 2486 recta
1706 2433 1759 2485 in
1789 2435 2118 2503 Anabaptis-

284 2523 463 2565 tarum
501 2519 671 2566 castra
716 2513 1011 2576 concedant,
1052 2512 1338 2583 tollantque
1375 2531 1404 2566 e
1442 2514 1598 2567 rebus
1635 2515 1871 2568 humanis
1914 2533 2116 2568 omnem

282 2594 484 2647 omnino
530 2596 716 2665 lequm,
762 2594 916 2649 etiam
959 2597 1218 2659 civilium,
1264 2595 1596 2649 ferendarum
1639 2603 1983 2669 potestatem:
2027 2604 2118 2650 aut

429 2781 446 2800 e
472 2773 616 2811 Horat.
636 2774 769 2812 Carm.
790 2786 856 2811 111.
879 2777 940 2813 24.
963 2775 1019 2825 [v.
1033 2777 1096 2822 33,
1114 2775 1222 2824 sqq.J
1653 2772 1667 2800 s
1689 2774 1818 2823 Epist.
1834 2775 1887 2815 iv.
1908 2776 1970 2813 12.

279 2892 384 2943 tice,
405 2892 498 2935 and
523 2892 670 2945 oaths‚
690 2892 866 2937 human
885 2894 994 2939 laws
1017 2898 1188 2938 cannot
1218 2893 1358 2938 work.
1420 2895 1552 2938 Laws
1578 2897 1748 2938 cannot
1768 2894 1886 2938 have
1905 2908 1933 2937 a
1952 2894 2116 2939 Direc-

278 2963 372 3006 tive
391 2963 540 3007 Force
559 2963 601 3006 if
620 2963 734 3022 they
756 2964 875 3008 have
899 2979 961 3009 no
995 2965 1212 3009 Coactive
1232 2966 1393 3009 Force.

370 3033 472 3078 The
491 3035 678 3078 Reason
698 3036 880 3092 alleged
904 3035 980 3079 for
998 3036 1080 3079 the
1103 3036 1267 3079 Doubt
1287 3036 1339 3086 is,
1358 3034 1462 3078 that
1486 3035 1562 3078 for
1580 3034 1662 3078 the
1689 3034 1876 3078 Gentile
1901 3033 1984 3078 the
2007 3034 2118 3077 Law

281 3104 335 3147 of
349 3105 530 3147 Nature
552 3105 755 3156 suffices;
782 3106 876 3148 and
895 3110 944 3148 at
965 3119 1056 3162 any
1076 3109 1177 3148 rate
1197 3105 1279 3148 the
1306 3104 1540 3148 Christian
1559 3104 1642 3148 has
1663 3119 1692 3147 a
1714 3104 1872 3148 better
1891 3105 2015 3157 Law,
2035 3104 2118 3148 the

279 3174 390 3215 Law
411 3173 465 3216 of
478 3173 630 3225 Faith,
650 3174 682 3216 J
684 3175 829 3218 ustice
849 3175 943 3217 and
964 3175 1170 3231 Charity,
1191 3174 1329 3219 made
1351 3175 1416 3232 by
1439 3174 1521 3218 the
1541 3175 1651 3232 only
1670 3175 1702 3219 J
1703 3175 1825 3232 udge
1846 3174 1939 3218 and
1958 3175 2119 3232 Legis-

280 3242 415 3293 lator,
441 3242 610 3294 Christ,
640 3244 798 3287 James
823 3245 882 3287 iv.
910 3249 981 3288 12.

360 3312 472 3356 This
488 3318 733 3369 argument
747 3327 926 3370 presses
940 3314 1060 3358 hard
1075 3329 1202 3372 upon
1219 3329 1304 3359 our
1316 3315 1605 3367 Innovators,
1619 3314 1763 3370 (from
1779 3314 1931 3359 whom
1947 3314 2119 3359 indeed

282 3382 364 3427 the
388 3382 689 3440 Anabaptists
715 3384 835 3427 have
858 3383 1101 3429 borrowed
1136 3390 1257 3430 most
1290 3386 1345 3429 of
1369 3386 1493 3430 their
1529 3381 1832 3443 arguments)
1862 3385 1965 3430 who
1996 3386 2118 3430 infer

281 3453 405 3496 from
425 3453 529 3497 that
543 3457 643 3497 text
661 3456 764 3498 that
783 3455 820 3498 it
841 3456 878 3498 is
899 3460 983 3499 not
1002 3455 1161 3499 lawful
1173 3457 1247 3500 for
1265 3470 1356 3514 any
1372 3470 1461 3501 one
1480 3456 1567 3500 but
1581 3456 1735 3501 Christ
1750 3461 1800 3500 to
1816 3457 1953 3500 make
1966 3457 2118 3501 Eccle-

282 3525 479 3568 siastical
502 3525 649 3569 Laws.
706 3525 801 3569 For
825 3525 906 3569 the
931 3525 1124 3584 Apostle
1150 3527 1261 3571 does
1290 3532 1374 3571 not
1399 3527 1543 3585 speak
1568 3528 1623 3571 of
1649 3527 1994 3572 Ecclesiastical
2025 3541 2119 3586 any

283 3608 413 3638 more
438 3594 553 3638 than
575 3595 629 3639 of
649 3595 767 3639 Civil
790 3597 936 3641 Laws.
1004 3598 1067 3641 So
1087 3597 1191 3641 that
1215 3598 1329 3656 they
1348 3603 1473 3642 must
1498 3598 1649 3642 either
1671 3599 1772 3655 j0in
1796 3598 1877 3642 the
1899 3598 2118 3656 Anabap-

282 3666 401 3717 tists,
425 3678 478 3710 or
499 3666 632 3709 allow
652 3666 733 3710 the
753 3668 963 3712 Prelates
990 3668 1044 3711 of
1063 3668 1144 3712 the
1167 3668 1353 3712 Church
1373 3673 1422 3712 to
1444 3669 1579 3713 make
1604 3670 1948 3713 Ecclesiastical
1966 3669 2114 3714 Laws.

375 3736 466 3781 Let
486 3735 615 3781 them
635 3751 813 3783 answer
831 3738 913 3784 the
935 3738 1234 3799 Anabaptists
1255 3753 1305 3785 as
1326 3740 1438 3799 they
1457 3754 1579 3800 may.
1640 3741 1728 3785 We
1748 3753 1939 3793 answer,
