2482 4166
405 280 510 330 200
735 288 822 332 DE
864 288 1093 334 LEGUM
1132 289 1554 335 HUMANARUM
1591 291 1893 336 MATERIA.

411 428 632 480 ternum,
665 417 753 488 qui
782 425 835 471 et
860 417 969 489 ipse
998 418 1278 490 improprie
1314 437 1515 489 quoque
1551 422 1725 474 cultus
1764 418 1964 474 dicitur.
2050 419 2238 472 Dicen-

408 501 530 553 dum
559 519 701 572 erg0,
730 503 998 554 internum
1027 501 1169 553 illum
1192 501 1491 571 primarium
1515 509 1567 555 et
1584 501 1791 572 proprie
1811 502 2001 555 dictum
2020 504 2236 563 cultum,

407 582 483 635 ita
510 583 681 635 Deum
723 582 886 635 solum
915 589 1178 635 auctorem
1217 601 1512 654 agnoscere,
1550 591 1609 636 ut
1649 584 1776 636 nulli
1813 583 2006 636 homini
2043 585 2121 636 fas
2155 583 2235 644 sit,

407 671 498 718 aut
526 684 718 717 novum
748 666 949 717 cultum
977 664 1261 726 instituere,
1286 671 1377 717 aut
1404 682 1437 716 a
1461 666 1575 716 Deo
1598 664 1887 718 institutum
1915 664 2065 717 alicui
2087 664 2238 717 alteri

406 753 757 818 praeterquam
785 745 883 816 ipsi
924 747 1039 798 Deo
1079 746 1339 798 exhibere.
1426 749 1730 799 Externum
1773 764 1976 816 quoque
2018 749 2235 808 cultum,

408 829 578 898 quoad
606 830 1014 890 substantialia,
1045 846 1078 879 a
1107 829 1221 879 Deo
1251 827 1357 880 solo
1387 826 1600 881 institui.
1675 828 1773 880 Ast
1802 830 2238 881 circumstantia-

407 931 545 974 rum,
583 929 698 981 quae
727 917 846 963 sunt
874 910 992 962 huic
1022 921 1233 963 externo
1263 911 1434 962 cultui
1469 909 1779 973 accessoriae,
1812 916 1865 962 et
1893 909 2058 980 ipsum
2087 909 2240 962 comi-

406 1000 601 1055 tantur,
644 992 709 1060 (si
751 991 865 1061 quis
908 1010 996 1044 eas
1039 1010 1242 1063 quoque
1285 991 1506 1045 voluerit
1549 994 1723 1045 cultus
1755 991 1958 1044 nomine
1993 991 2236 1063 dignari,)

406 1074 561 1145 longe
588 1074 740 1126 aliam
757 1091 868 1126 esse
889 1073 1156 1127 rationem.
1216 1075 1387 1136 Quum
1406 1073 1540 1126 enim
1558 1092 1660 1126 non
1682 1073 1842 1144 possit
1863 1085 2108 1127 coeternus
2136 1073 2237 1126 Dei

406 1158 584 1209 cultus
605 1157 720 1208 sine
749 1157 1176 1208 circumstantiis
1204 1155 1457 1225 praestari,
1487 1174 1582 1207 nec
1611 1163 1785 1208 tamen
1813 1157 1957 1208 Deus
1982 1155 2036 1207 in
2065 1157 2240 1208 Evan-

405 1237 540 1309 gelio
570 1255 662 1290 suo
694 1244 862 1289 certas
884 1236 1219 1306 particulares
1249 1234 1692 1290 circumstantias
1725 1237 1780 1289 in
1822 1237 1980 1290 sacris
2023 1255 2239 1290 conven-

406 1320 544 1373 tibus
573 1326 824 1390 perpetuo
855 1319 1205 1371 observandas
1233 1319 1526 1381 tradiderit,
1558 1320 1649 1372 sed
1669 1318 1958 1390 generatim
1985 1319 2238 1373 duntaxat

405 1401 730 1475 praeceperit,
775 1407 834 1454 ut
877 1403 1075 1463 ordini,
1121 1403 1403 1463 honestati,
1449 1408 1501 1454 et
1546 1404 1895 1470 cedificationi
1945 1401 2237 1454 serviatur:

406 1484 690 1538 necessario
732 1483 963 1553 sequitur
1006 1483 1255 1553 ejusmodi
1287 1486 1825 1537 circumstantiarum
1858 1483 2240 1536 determinatio-

406 1585 541 1629 nem,
578 1585 695 1636 quae
731 1572 849 1618 sunt
877 1565 973 1636 ipsi
1004 1567 1177 1618 cultui
1205 1568 1579 1628 accidentales,
1622 1573 1675 1618 et
1704 1584 1798 1636 pro
1827 1566 2069 1628 locorum,
2110 1572 2238 1617 tem.-

405 1667 590 1719 porum
618 1655 670 1700 et
700 1646 1016 1700 occasionum
1044 1647 1244 1700 ratione
1272 1650 1572 1710 mutabiles,
1601 1648 1668 1701 ad
1698 1666 1785 1700 eos
1802 1648 1889 1717 qui
1914 1649 2006 1700 sub
2031 1647 2236 1700 Christo

405 1731 752 1803 regendarum
784 1729 1128 1782 Ecclesiarum
1160 1729 1246 1799 jus
1276 1736 1329 1781 et
1371 1736 1677 1799 potestatem
1720 1730 1915 1782 habent
1956 1728 2234 1799 pertinere.

411 1815 567 1876 QuaS,
617 1820 670 1866 et
718 1812 785 1865 ab
831 1810 893 1863 iis
940 1811 1028 1881 qui
1073 1811 1277 1881 publica
1313 1811 1623 1864 auctoritate
1660 1811 1714 1863 in
1749 1811 1961 1883 singulis
1996 1810 2236 1863 Ecclesiis

403 1893 613 1967 praediti
654 1900 773 1947 sunt
806 1895 1102 1963 praestitui,
1144 1902 1197 1946 et
1234 1894 1551 1964 praestitutas
1592 1894 1657 1946 ab
1697 1893 1928 1946 omnibus
1957 1893 2236 1945 earundem

404 1975 750 2030 Ecclesiarum
794 1975 1039 2028 membris
1084 1974 1324 2047 religiose
1379 1978 1670 2038 observari,
1728 1975 1859 2028 sacri
1913 1976 2078 2028 cultus
2131 1993 2235 2027 non

403 2068 593 2113 natura
617 2057 873 2130 prohibet,
900 2057 994 2110 sed
1034 2057 1195 2129 exigit
1229 2057 1399 2127 potius
1433 2057 1708 2110 solennitas
1744 2064 1797 2110 et
1837 2058 2006 2110 decor.
2096 2057 2235 2120 Quid

403 2142 542 2212 quod
568 2141 653 2194 isti
680 2140 777 2211 ipsi
805 2140 1051 2203 homineS,
1083 2139 1171 2210 qui
1199 2139 1253 2191 in
1290 2140 1528 2194 Canones
1568 2147 1622 2192 et
1673 2141 2084 2194 Constitutiones
2123 2142 2235 2192 Ec-

404 2226 741 2278 clesiasticas
789 2229 896 2275 tam
937 2240 1118 2276 severe
1168 2228 1221 2274 et
1262 2221 1427 2293 plenis
1470 2222 1639 2275 buccis
1671 2221 2001 2284 invehuntur,
2039 2223 2236 2274 ritibus

405 2314 580 2360 tamen
608 2306 663 2358 in
692 2305 832 2358 cultu
863 2304 966 2357 Dei
995 2311 1226 2367 externO,
1257 2324 1290 2357 a
1321 2304 1526 2357 Christo
1553 2311 1645 2357 aut
1683 2303 1792 2374 ejus
1826 2303 2085 2374 Apostolis
2117 2322 2235 2355 nus-

404 2407 559 2458 quam
614 2386 944 2459 praescriptiS,
990 2386 1190 2456 quoties
1233 2386 1356 2456 ipsis
1399 2386 1677 2440 collibitum
1720 2393 1813 2448 est,
1871 2392 2121 2438 utuntur:
2175 2393 2235 2438 ut

404 2490 598 2523 manus
639 2472 898 2523 levatione
926 2469 979 2520 in
1000 2469 1294 2539 juramento
1320 2469 1633 2539 praestandO,
1656 2471 1857 2539 capitis
1878 2469 2236 2521 denudatione

405 2552 460 2604 in
500 2569 647 2604 sacra
682 2550 885 2621 synaxi,
920 2551 1135 2620 aliisque
1173 2550 1533 2621 compluribUS,
1575 2569 1692 2620 quae
1722 2569 1836 2603 cum
1866 2549 2093 2620 quotidie
2121 2548 2234 2601 fieri

329 2661 332 2665 ·
409 2633 688 2694 videamuS‚
720 2651 824 2684 non
851 2650 977 2702 opus
1005 2639 1084 2684 est
1112 2650 1394 2685 recensere.

531 2715 707 2768 XXX.
802 2714 1076 2781 Objiciunt
1129 2724 1340 2782 quartO,
1398 2713 1622 2776 VeteriS,
1680 2715 1777 2766 hoc
1831 2720 1910 2767 est
1961 2715 2233 2775 Judaicae,

405 2794 649 2849 Ecclesiae
679 2797 971 2865 exemptum
999 2796 1203 2856 Mosen,
1236 2795 1414 2847 datum
1436 2813 1468 2847 a
1496 2796 1610 2847 Deo
1641 2796 1867 2848 Hebraeo
1910 2795 2098 2865 populo
2138 2796 2235 2846 Le-

405 2989 629 3034 Extcrnal
652 2987 869 3045 Worship
894 2986 975 3031 the
997 3001 1101 3031 case
1122 2988 1160 3031 is
1181 3001 1292 3045 very
1308 2987 1537 3031 different.
1583 2987 1735 3031 There
1756 3000 1842 3030 can
1862 2986 1922 3029 be
1942 2998 2004 3028 no
2025 2985 2234 3028 external

405 3067 503 3105 acts
542 3060 738 3104 without
776 3060 1156 3103 circumstances:
1208 3058 1290 3101 the
1330 3059 1686 3102 circumstances
1725 3071 1806 3101 are
1843 3061 1927 3100 not
1966 3055 2235 3112 prescribed

403 3132 453 3174 in
489 3131 570 3175 the
606 3130 815 3187 Gospels,
850 3130 936 3173 but
973 3129 1084 3187 only
1114 3129 1366 3186 generally,
1400 3129 1503 3173 that
1541 3127 1813 3186 everything
1846 3128 1906 3171 be
1942 3127 2063 3170 done
2099 3140 2149 3169 so
2183 3139 2235 3169 as

403 3208 453 3246 to
479 3207 694 3260 promote
723 3201 874 3253 order,
896 3201 1112 3258 decency,
1138 3200 1231 3243 and
1255 3200 1549 3252 edification3
1585 3200 1734 3244 hence
1758 3198 1839 3242 the
1865 3199 2235 3249 circumstances,

403 3274 554 3317 which
575 3287 655 3317 are
670 3272 729 3327 ,of
748 3272 1026 3316 themselves
1050 3271 1271 3323 mutable,
1295 3285 1375 3315 are
1400 3276 1449 3315 to
1474 3271 1534 3315 be
1555 3269 1863 3315 commanded
1888 3269 1950 3326 by
1973 3267 2107 3312 those
2132 3266 2234 3311 who

403 3344 522 3388 have
543 3344 780 3401 authority
799 3344 849 3386 in
867 3343 949 3387 the
963 3343 1149 3386 Church
1160 3359 1173 3394 3
1194 3342 1288 3387 and
1308 3342 1443 3387 when
1461 3341 1781 3393 commanded,
1802 3353 1882 3384 are
1902 3345 1952 3384 to
1976 3339 2035 3382 be
2057 3337 2236 3396 obeyed

405 3415 469 3473 by
490 3415 570 3459 the
594 3415 825 3459 members
848 3414 902 3458 of
922 3414 1003 3458 the
1025 3414 1225 3458 Church.

494 3487 625 3530 Even
649 3486 782 3530 those
806 3485 909 3529 who
930 3485 1116 3543 inveigh
1136 3489 1258 3529 most
1278 3484 1440 3542 loudly
1464 3484 1644 3541 against
1671 3482 1854 3526 Oanons
1879 3481 1972 3523 and
1999 3479 2233 3523 Constitu-

403 3557 525 3600 tions
562 3556 918 3608 Ecclesiastical,
943 3571 1040 3609 use,
1071 3556 1206 3599 when
1231 3555 1344 3613 they
1368 3555 1539 3612 please,
1568 3555 1701 3597 Rites
1726 3555 1809 3595 not
1840 3550 2147 3594 commanded
2172 3550 2234 3606 by

406 3627 560 3671 Christ
581 3641 635 3671 or
653 3627 725 3670 his
753 3626 993 3684 Apostles3
1031 3641 1080 3671 as
1111 3627 1192 3670 the
1214 3626 1369 3683 lifting
1389 3625 1513 3669 their
1537 3624 1663 3668 hand
1683 3623 1732 3665 in
1757 3622 1981 3678 swearing
2011 3635 2071 3664 an
2109 3619 2233 3670 cath,

404 3698 498 3739 and
517 3698 681 3754 baring
706 3697 829 3741 their
847 3698 970 3741 head
994 3699 1043 3740 in
1062 3697 1144 3741 the
1169 3697 1514 3754 congregation.

498 3771 567 3810 30.
625 3763 696 3821 (4)
740 3769 827 3810 The
851 3768 1075 3825 Emample
1106 3770 1166 3825 of
1185 3769 1251 3812 the
1276 3765 1464 3811 Ancient
1491 3761 1694 3812 Claui-clm
1732 3762 1836 3807 that
1873 3761 1925 3815 is,
1951 3761 2031 3805 the
2061 3758 2234 3804 Jewish
