2482 4166
374 292 478 344 154
627 300 714 344 DE
754 299 983 345 LEGUM
1021 297 1444 344 HUMANARUM
1485 298 1936 347 OBLIGATIONE.

374 448 561 504 parere
599 429 687 501 qui
724 429 871 483 nobis
909 448 942 482 a
983 431 1098 482 Deo
1132 427 1397 500 praepositi
1432 435 1567 492 sunt,
1601 429 1677 483 ita
1705 433 1948 502 obliyant
1975 431 2203 487 subdito-

374 532 496 567 rumv
520 512 853 567 conscientias
880 513 949 565 ad
975 512 1321 584 praestandam
1348 510 1422 564 eis
1457 512 1815 577 obedientiam,
1858 522 1918 568 ut
1956 516 2051 568 sub
2086 534 2204 587 pec-

375 603 490 650 cato
520 595 724 649 mortali
751 602 804 649 et
831 601 972 648 metu
995 594 1282 648 offensionis
1303 594 1405 647 Dei
1429 601 1704 649 teneantur
1726 596 1974 667 ejusmodi
2003 600 2205 668 Zeyibus

375 681 735 750 obtemperare
750 698 770 740 ,·
814 685 867 731 et
908 677 963 730 ni
1004 677 1074 731 sic
1114 677 1344 741 fecerint,
1389 677 1674 732 accusantis
1713 679 2033 734 conscientiae
2066 699 2206 734 mur-

377 780 527 815 mura
556 768 609 815 et
636 761 767 815 ictus
795 761 1044 832 perferre.

502 845 703 899 XXIV.
783 843 1047 897 Firmatur
1075 844 1186 896 haec
1223 844 1499 897 Conclusio
1526 841 1698 896 multis
1730 843 2049 899 rationibus:
2081 862 2207 915 qua-

377 945 493 981 rum
517 928 703 997 prima
726 945 791 979 ex
815 926 1058 997 praesenti
1083 933 1230 980 textu
1257 926 1554 989 desumitur,
1584 929 1765 991 Quare
1786 927 1979 995 subjici
2005 946 2208 983 necesse

378 1021 470 1072 est,
508 1029 614 1063 non
655 1010 825 1063 solum
856 1020 1083 1079 propter
1124 1012 1287 1071 iram,
1331 1011 1422 1062 sed
1465 1019 1514 1061 et
1541 1019 1769 1079 propter
1811 1012 2204 1063 conscientiam.

377 1093 556 1148 Verba
584 1097 703 1145 sunt
730 1090 853 1143 satis
893 1091 1178 1161 perspicua.
1267 1092 1489 1144 Urserat
1520 1109 1705 1162 nempe
1739 1091 2016 1162 Apostolus
2059 1110 2208 1163 supe-

377 1174 600 1228 rioribus
642 1173 876 1227 versibus
918 1173 1180 1243 aliquanto
1207 1172 1368 1225 fusius
1401 1174 1728 1227 Christianae
1755 1175 2093 1243 subjectionis
2120 1192 2210 1227 ne-

379 1256 682 1318 cessitatem,
718 1257 923 1308 duobus
953 1254 1271 1326 potissimum
1310 1258 1642 1324 aryumentis
1663 1275 1681 1308 .·
1725 1257 1911 1318 altero,
1959 1256 2025 1309 ab
2067 1256 2210 1310 insti-

378 1346 492 1393 tuto
523 1345 576 1392 et
600 1340 941 1392 ordinatione
969 1339 1097 1400 Dei,
1129 1337 1327 1390 duobus
1355 1337 1587 1390 versibus
1618 1336 1828 1408 primis3
1873 1337 2089 1392 totidem
2130 1356 2209 1392 se-

380 1421 670 1492 quentibuS‚
714 1421 779 1474 ab
822 1419 1033 1473 humani
1071 1421 1331 1490 supplicii
1358 1431 1514 1483 metu,
1556 1422 1742 1474 altero.
1802 1420 2096 1492 Utrumque
2126 1438 2210 1475 ar-

382 1511 685 1577 gumentum
714 1500 778 1562 ὥς
816 1501 870 1558 ἐν
903 1500 1435 1579 α’νακεφαλαιώσεως
1468 1499 1657 1578 τρόπῳ
1685 1502 1915 1558 breviter
1956 1503 2210 1576 recolligit

383 1594 437 1641 et
478 1586 668 1657 repetit
706 1588 891 1656 quinto
929 1589 1025 1639 hoo
1066 1605 1222 1639 versu
1243 1606 1259 1638 .·
1309 1586 1464 1656 idque
1494 1586 1604 1656 (qui
1634 1586 1746 1639 fere
1784 1604 1894 1640 mos
1932 1593 2011 1641 est
2048 1604 2210 1640 sacrae

386 1668 704 1739 Scripturae,)
742 1671 929 1721 ordine
974 1671 1199 1731 inverso,
1243 1667 1602 1739 repetitionem
1644 1687 1857 1723 exorsus
1900 1687 1934 1723 a
1979 1670 2209 1722 membro

382 1751 683 1823 posteriore,
728 1757 781 1804 et
822 1750 1150 1821 proximiore.
1235 1750 1394 1814 Quasi
1443 1750 1595 1816 dicat,
1642 1751 1902 1822 Utrinque
1944 1752 2089 1805 vobis
2133 1751 2210 1804 in-

383 1833 574 1887 cumbit
595 1832 768 1905 gravis
779 1835 1018 1903 parendi
1035 1835 1355 1895 necessita&
1386 1832 1496 1886 sive
1518 1850 1608 1887 vos
1626 1852 1800 1904 poenae
1819 1846 1988 1888 metus
2008 1840 2209 1906 tangat,

383 1915 493 1969 sive
526 1916 694 1986 pulset
733 1918 890 1988 officii
928 1918 1266 1970 conscientia.
1355 1915 1410 1969 Si
1439 1916 1576 1985 quod
1617 1916 1808 1969 malum
1849 1924 1928 1972 est
1969 1917 2209 1981 feceritis,

382 2004 558 2068 spreta
578 1997 819 2050 nimirum
846 2004 1159 2068 potestatum
1188 2005 1242 2051 et
1268 1997 1442 2069 legum
1478 1999 1815 2054 auctoritate:
1846 2000 2068 2072 cogitate
2095 2017 2212 2052 eum

385 2080 472 2149 qui
500 2079 645 2133 vobis
679 2087 869 2151 praeest
907 2080 1274 2152 Mag-istratum
1312 2083 1423 2133 Dei
1465 2083 1775 2134 ministrum
1817 2100 1943 2146 esse,
1980 2075 2215 2138 θέκδικον

386 2169 456 2218 εἰς
501 2158 694 2236 ὀρνγῆν,
729 2162 952 2234 neglecti
981 2162 1129 2215 officii
1154 2162 1438 2225 vindicem3
1494 2164 1744 2232 yladium
1772 2163 1868 2217 sibi
1895 2182 1928 2217 a
1955 2166 2069 2217 Deo
2099 2182 2216 2217 con-

386 2244 638 2297 creditum
680 2244 936 2316 stringere
982 2251 1239 2314 paratum,
1290 2245 1357 2297 ad
1402 2244 1738 2316 infligendum
1785 2245 1960 2318 legum
2006 2264 2217 2300 suarum

386 2326 819 2396 contemptoribus
872 2326 1098 2379 debitam
1146 2344 1349 2396 poenam
1395 2326 1729 2398 corporalem.
1846 2328 1937 2381 Sin
1983 2346 2075 2382 vos
2117 2328 2218 2382 ista

385 2425 569 2478 parum
604 2414 860 2470 moveant,
905 2408 1044 2478 quod
1074 2408 1291 2479 speretis
1329 2408 1442 2461 fieri
1469 2427 1635 2480 posse,
1678 2416 1739 2463 ut
1765 2409 1922 2482 ipsius
1950 2410 2219 2465 brachium

386 2489 559 2559 aliqua
597 2490 862 2544 evadatis:

701 2615 786 2661 Ast
806 2625 975 2675 sperate
998 2617 1148 2661 Deum
1172 2631 1406 2662 memorem
1414 2619 1565 2677 sandi
1584 2627 1714 2678 atque
1728 2621 1931 2679 nefandi,

387 2724 524 2776 hunc
561 2724 737 2778 timete
772 2724 970 2795 justum
1005 2725 1261 2795 judicem3
1305 2726 1555 2779 veremini
1594 2730 1959 2785 Conscientias
2004 2738 2220 2795 vestraS,

388 2823 594 2859 severos
624 2817 976 2868 accusatore&
1010 2816 1160 2859 testes
1188 2825 1416 2870 veraceS,
1447 2808 1767 2878 importunos
1797 2822 2033 2866 tortores.
2104 2813 2223 2866 Hos

586 2995 605 3015 ὃ
630 2988 754 3037 [conf.
770 2988 873 3025 infra
887 2989 989 3026 Sect.
1003 2991 1074 3028 302
1100 2990 1221 3027 Prael.
1234 3000 1297 3027 VI.
1319 2990 1423 3028 Sect.
1443 2992 1503 3037 11,
1521 2993 1562 3028 et
1579 2991 1696 3028 Prael.
1712 3001 1792 3030 vn.
1819 2991 1927 3031 Sect.
1944 2992 2024 3040 15.]

478 3123 549 3162 24.
610 3119 737 3163 First
759 3117 1023 3178 Aryument.
1088 3121 1227 3165 Rom.
1253 3122 1347 3166 xiii.
1374 3127 1415 3175 5,
1446 3121 1759 3167 “Wheresore
1780 3136 1838 3181 ye
1858 3126 1985 3167 must
1999 3123 2142 3168 needs
2163 3124 2224 3169 be

389 3190 568 3247 subject
589 3196 672 3234 not
698 3191 808 3249 only
836 3192 911 3235 for
940 3192 1102 3244 wrath,
1137 3193 1223 3236 but
1249 3193 1346 3236 also
1370 3193 1445 3237 for
1469 3193 1751 3237 conscience'
1783 3194 1938 3238 sake.”
1998 3194 2106 3238 And
2130 3194 2224 3240 this

390 3275 585 3318 appears
604 3261 788 3305 further
806 3263 869 3320 by
899 3264 1192 3320 considering
1211 3263 1304 3308 this
1324 3278 1455 3308 verse
1476 3278 1525 3309 as
1546 3279 1574 3308 a
1593 3266 1882 3322 resumption
1909 3265 1964 3308 of
1986 3265 2069 3309 the
2088 3280 2225 3323 argu-

390 3336 520 3375 ment
540 3333 587 3375 in
605 3347 675 3376 vv.
689 3338 781 3385 1,2.
815 3334 902 3377 We
923 3348 1031 3393 may
1045 3339 1132 3392 put
1152 3334 1234 3378 the
1249 3334 1509 3392 Argument
1529 3335 1637 3380 thus
1655 3352 1665 3379 z
1694 3335 1817 3379 That
1829 3336 1993 3386 which,
2017 3336 2061 3379 if
2074 3341 2225 3381 trans..

390 3403 592 3458 gressed,
617 3404 807 3449 wounds
837 3404 919 3448 the
953 3406 1251 3458 Conscience,
1284 3406 1396 3451 does
1428 3407 1576 3465 really
1613 3407 1767 3464 obligo
1797 3406 1879 3451 the
1917 3405 2198 3451 Conscience
2209 3422 2224 3460 3

390 3473 466 3516 for
495 3487 634 3532 every
658 3475 907 3533 wounding
932 3476 986 3520 of
1005 3476 1087 3520 the
1114 3477 1396 3521 ConscIence
1422 3479 1563 3523 arises
1583 3478 1706 3521 from
1728 3491 1855 3522 some
1876 3490 2009 3521 sense
2036 3477 2090 3520 of
2109 3477 2224 3521 obli-

392 3544 565 3600 gation.
646 3546 740 3589 But
784 3546 960 3590 human
997 3548 1107 3592 laws
1147 3549 1465 3606 transgressed
1504 3549 1672 3593 wound
1713 3548 1795 3592 the
1839 3548 2133 3600 conscience,
2172 3561 2223 3592 as

393 3627 588 3671 appears
608 3615 671 3673 by
690 3616 772 3660 the
797 3619 946 3662 words
980 3619 1034 3662 of
1062 3620 1117 3662 St
1137 3612 1271 3672 Paul,
1295 3619 1445 3663 which
1479 3623 1672 3664 amount
1705 3623 1755 3662 to
1787 3617 1904 3662 this·
1945 3618 2017 3661 Ye
2053 3623 2224 3662 cannot

393 3682 511 3727 have
535 3699 564 3728 a
590 3686 871 3731 Conscience
895 3689 1045 3733 whole
1071 3690 1165 3733 and
1186 3690 1349 3744 sound,
1380 3695 1545 3750 except
1564 3704 1622 3751 ye
1646 3690 1705 3735 be
1731 3688 1932 3748 subJect.
1968 3688 2226 3735 Therefore

395 3752 584 3798 Human
607 3757 738 3803 Laws
765 3758 917 3817 oblige
938 3759 1018 3805 the
1042 3760 1338 3807 Conscience.
