2482 4166
437 253 542 306 136
693 262 779 306 DE
820 263 1049 308 LEGUM
1088 263 1512 311 HUMANARUM
1554 266 2005 314 OBLIGATIONE.

439 391 498 438 ut
526 384 572 438 ei
614 404 718 438 non
760 386 921 457 possit
964 385 1290 457 superinduci
1341 390 1616 458 Obliyatio
1659 409 1796 444 nova
1838 390 2111 445 contraria.
2196 389 2269 443 At

441 468 553 520 Lex
575 469 768 537 jubens
806 488 917 521 rem
960 470 1218 522 illicitam
1253 476 1312 523 ut
1349 471 1693 535 homicidium,
1727 473 2025 544 perjurium,
2066 472 2269 526 sacrile-

439 550 597 622 gium,
629 558 742 612 etc„
769 558 860 604 aut
871 553 1163 620 prohibens
1192 554 1418 622 officium
1445 558 1819 618 necessarium,
1851 563 1910 609 ut
1939 556 2131 610 cultum
2160 554 2270 608 veri

440 633 556 695 Dei,
603 633 832 686 debitum
879 633 1200 703 Principibus
1251 641 1304 687 et
1350 636 1651 704 parentibus
1701 638 2015 707 obsequium,
2067 645 2162 691 etc.
2214 637 2269 689 id

441 714 605 786 exigit
642 716 779 784 quod
825 715 1138 768 contrarium
1181 722 1260 769 est
1305 717 1623 786 obliqationi
1670 721 1871 788 priori,
1914 738 2016 790 qua
2073 719 2269 773 virtute

441 797 688 867 praecepti
718 796 877 851 divini
905 797 1137 850 subditus
1159 797 1267 867 jam
1296 805 1417 851 ante
1447 800 1751 853 constrictus
1779 802 2069 855 tenebatur.
2142 803 2270 853 Pro-

437 878 559 931 inde
609 880 721 931 Lex
766 880 992 932 humana-
1044 879 1328 932 istiusmodi
1385 900 1487 934 non
1541 888 1713 952 potest
1767 882 2011 936 inducere
2063 883 2268 936 subdito

442 963 832 1030 obliyationem.
921 964 1114 1014 Tertia
1138 983 1154 1013 .·
1198 961 1318 1031 quia
1345 981 1495 1015 nemo
1529 971 1700 1033 potest
1727 964 1876 1018 simul
1919 967 2154 1035 obligyari
2193 968 2269 1018 ad
2290 972 2320 1014 3

442 1045 887 1096 contradictoria.
980 1043 1085 1095 Sed
1131 1043 1174 1095 si
1217 1045 1299 1097 Zea
1325 1045 1575 1114 ejusmodi
1601 1054 1735 1100 esset
1764 1049 2111 1117 obliyatoria‚
2144 1048 2268 1100 obli-

440 1130 593 1194 garet
635 1125 703 1176 ad
747 1124 801 1176 id
828 1126 1170 1193 faciendum,
1210 1126 1278 1177 ad
1322 1127 1459 1195 quod
1502 1146 1608 1180 non
1636 1131 1960 1198 faciendum
2006 1133 2124 1183 Leoe
2159 1132 2270 1182 Dei

440 1206 620 1257 eodem
664 1213 898 1277 tempore
936 1206 1223 1277 obligaret:
1251 1210 1443 1277 facere
1479 1216 1653 1262 autem
1687 1218 1740 1263 et
1782 1230 1887 1264 non
1913 1215 2108 1281 facere
2150 1218 2271 1264 sunt

440 1287 854 1341 contradictoria.
948 1291 1199 1350 Quarta;
1242 1290 1309 1342 ab
1353 1291 1598 1361 exemplis
1639 1291 1856 1362 piorum,
1908 1293 1994 1364 qui
2037 1312 2103 1346 ex
2149 1292 2268 1346 fidei
2290 1299 2321 1340 4

438 1388 544 1422 suae
583 1370 845 1440 principiis
888 1369 958 1423 sic
1003 1370 1222 1424 instituti
1260 1390 1462 1442 semper
1505 1373 1730 1437 fuerunt,
1771 1382 1830 1428 ut
1871 1378 2268 1445 Imperatorum

426 1453 587 1519 jussa
617 1452 842 1519 (tametsi
868 1455 1085 1522 yravia,
1117 1454 1160 1505 si
1188 1472 1291 1506 non
1330 1457 1647 1525 inhonesta)
1689 1456 1847 1510 alacri
1885 1458 2055 1510 animo
2094 1476 2267 1528 capes-

437 1540 626 1596 serent,
659 1534 877 1596 obirent,
909 1543 1352 1604 exsequerentur:
1395 1544 1451 1590 at
1479 1537 1646 1607 siquid
1674 1540 1768 1592 abs
1798 1540 1870 1592 eis
1899 1540 1981 1593 vel
2012 1542 2119 1610 leye
2160 1539 2268 1593 lata

438 1615 751 1687 exigeretur,
784 1617 921 1685 quod
950 1624 1084 1670 esset
1113 1629 1302 1670 contra
1319 1621 1486 1686 fidem
1515 1628 1606 1673 aut
1638 1623 1794 1674 bonos
1822 1641 2006 1685 mores,
2038 1622 2120 1675 vel
2152 1641 2266 1674 cum

437 1698 648 1751 honesto
678 1698 1058 1767 quomodolibet
1084 1707 1356 1771 pugnaret,
1388 1701 1559 1770 palam
1588 1709 1641 1754 et
1671 1704 1924 1756 constanti
1964 1703 2133 1756 animo
2172 1703 2266 1755 im-

435 1780 637 1849 perium
684 1781 1052 1843 detrectarent,
1098 1788 1151 1834 et
1195 1800 1304 1852 prae
1355 1782 1458 1835 Dei
1503 1783 1686 1837 timore
1723 1788 1893 1855 Leyes
1937 1792 1990 1857 et
2028 1785 2265 1839 instituta

437 1861 630 1929 quaevis
680 1862 906 1915 humana
962 1869 1363 1917 contemnerent,
1453 1867 1596 1938 Lege
1645 1867 1752 1920 lata
1809 1869 2153 1937 Babylonica
2205 1875 2265 1922 ut

433 1943 609 1995 audito
639 1944 827 1996 musico
857 1951 1107 1997 concentu
1135 1964 1346 1999 aureum
1374 1948 1574 2019 grande
1603 1948 1927 2002 simulacrum
1951 1950 2088 2020 quod
2117 1969 2264 2003 erex-

433 2032 548 2077 erat
576 2026 956 2096 potentissimus
982 2028 1282 2090 Monarcha,
1314 2029 1503 2101 singuli
1527 2030 1823 2095 adorarent,
1859 2031 2015 2102 idque
2047 2032 2264 2086 severis-

433 2106 561 2159 sima
590 2108 854 2178 proposita
884 2108 1016 2178 siqui
1050 2127 1194 2161 secus
1227 2110 1459 2165 facerent
1500 2130 1684 2182 poena3
1725 2132 1828 2166 non
1869 2132 1924 2167 se
1959 2114 2095 2184 passi
2144 2121 2264 2167 sunt

432 2207 495 2240 ea
536 2192 678 2259 Leye
720 2192 956 2259 obliyari
1015 2198 1122 2244 tres
1161 2194 1412 2246 zHebroez·
1458 2194 1836 2249 adolescentes:
1899 2196 2034 2259 Quia
2074 2195 2264 2250 scilicet

424 2269 708 2340 jubebatur
757 2292 841 2326 res
897 2275 1117 2336 illicita,
1169 2275 1335 2328 cultus
1384 2276 1532 2329 Idoli.
1607 2278 1750 2350 Lege
1795 2277 1974 2331 itidem
2028 2281 2263 2332 Persica

429 2353 551 2416 lata,
583 2353 763 2423 nequis
792 2373 887 2424 per
916 2355 1112 2425 aliquot
1142 2357 1250 2409 dies
1279 2376 1311 2410 a
1337 2375 1595 2430 quoquam
1625 2361 1739 2412 Deo
1769 2360 1853 2414 vel
1881 2359 2089 2413 homine
2127 2378 2262 2431 prae-

427 2440 664 2505 ter-quam
694 2437 760 2489 ab
789 2455 890 2489 uno
923 2440 1218 2491 Persarum
1247 2442 1391 2509 Reye
1419 2440 1689 2512 quicquam
1715 2449 1933 2513 peteret,
1961 2462 2065 2495 non
2090 2443 2264 2513 paruit

430 2518 683 2581 aDaniel,
725 2518 817 2570 sed
854 2537 915 2571 eo
952 2519 1064 2589 ipso
1104 2539 1205 2590 quo
1245 2522 1423 2574 solitus
1460 2530 1537 2576 est
1576 2542 1735 2589 more,
1767 2525 1915 2578 statis
1944 2525 2264 2595 temporibus

431 2598 601 2650 Deum
647 2607 887 2669 precatus
942 2608 1035 2654 est.
1121 2604 1194 2655 Et
1238 2602 1486 2672 prohibiti
1532 2606 1729 2659 Petrus
1779 2618 1829 2659 et
1874 2608 2149 2661 Johannes
2198 2624 2265 2659 ne

721 2791 737 2810 2
760 2784 916 2824 Daniel.
936 2797 1022 2834 cap.
1039 2786 1091 2824 iii.
1640 2797 1657 2816 ὃ
1683 2790 1787 2826 Ibid.
1807 2801 1893 2838 cap.
1914 2791 1966 2828 vi.

428 2907 552 2951 what
573 2908 610 2952 is
632 2909 828 2968 morally
857 2910 1104 2954 unlawful:
1138 2911 1231 2954 and
1256 2911 1490 2957 therefore
1516 2926 1577 2957 no
1603 2913 1793 2957 Human
1817 2914 1927 2958 Law
1958 2928 2045 2958 can
2075 2929 2262 2961 remove

428 2979 522 3023 this
555 2979 838 3037 Obligation.

519 3051 662 3094 Third
695 3052 900 3095 Reason:
938 3054 1145 3098 Because
1175 3067 1237 3098 no
1270 3068 1359 3098 one
1392 3068 1479 3098 can
1517 3055 1577 3099 be
1610 3055 1797 3112 obliged
1831 3060 1881 3100 to
1915 3057 2262 3116 contradictory

428 3125 525 3166 acts
547 3126 595 3165 at
615 3122 696 3166 the
722 3137 848 3167 same
874 3125 1000 3168 time,
1061 3126 1155 3168 But
1180 3125 1222 3168 if
1237 3125 1350 3170 such
1376 3127 1565 3169 Human
1595 3128 1727 3171 Laws
1759 3141 1879 3171 were
1909 3128 2117 3186 binding,
2148 3129 2262 3187 they

430 3193 584 3236 would
616 3193 731 3238 bind
755 3209 783 3238 a
808 3209 918 3239 man
949 3200 999 3240 to
1026 3196 1100 3250 do,
1125 3196 1229 3240 that
1259 3196 1409 3240 which
1436 3197 1517 3241 the
1543 3198 1655 3242 Law
1682 3198 1736 3241 of
1754 3198 1859 3242 God
1883 3199 2019 3243 binds
2049 3199 2147 3243 him
2177 3205 2261 3245 not
2292 3243 2294 3245 ,

430 3268 480 3306 to
503 3264 577 3308 do.

518 3337 693 3379 Fourth
724 3337 931 3381 Reason:
964 3338 1050 3383 We
1082 3338 1200 3383 have
1235 3339 1317 3384 the
1349 3340 1583 3398 examples
1615 3340 1670 3384 of
1695 3341 1831 3398 picus
1865 3355 1988 3395 men,
2012 3342 2116 3386 who
2140 3341 2260 3386 have

429 3405 685 3465 checrfully
705 3408 973 3465 performed
993 3409 1073 3453 the
1097 3410 1375 3455 Commands
1402 3411 1456 3455 of
1477 3412 1754 3463 Governors,
1787 3412 2001 3456 however
2034 3412 2260 3456 burthen-

431 3488 574 3528 some,
599 3478 641 3520 if
660 3484 743 3522 not
769 3480 940 3533 sinful;
971 3480 1057 3525 but
1086 3481 1128 3524 if
1155 3482 1382 3540 anything
1408 3497 1499 3526 was
1531 3483 1837 3527 commanded
1861 3482 2009 3526 which
2030 3496 2121 3526 was
2148 3496 2260 3526 con-

429 3550 556 3604 trary
577 3552 626 3591 to
647 3548 782 3601 saith,
803 3564 856 3593 or
881 3552 1108 3609 modesty,
1130 3567 1183 3596 or
1202 3554 1368 3606 virtue,
1393 3553 1506 3611 they
1527 3554 1774 3611 stedfastly
1786 3553 1983 3596 resisted
2003 3554 2054 3604 it,
2074 3553 2166 3596 and
2187 3559 2259 3597 set

429 3621 478 3658 at
503 3618 682 3674 nought
702 3620 765 3662 all
785 3620 960 3665 human
991 3637 1161 3680 power,
1184 3624 1232 3666 in
1259 3625 1445 3667 conflict
1467 3625 1576 3668 with
1602 3625 1684 3668 the
1703 3625 1815 3667 Law
1835 3623 1890 3667 of
1911 3623 2030 3667 God.
2092 3624 2154 3668 So
2175 3625 2257 3668 the

428 3684 562 3798 ῐῦἶῃξθ
597 3689 745 3733 Jews:
779 3691 899 3736 Dan.
926 3693 990 3736 iii.
1058 3694 1120 3737 So
1155 3695 1326 3739 Daniel
1361 3695 1572 3740 himself:
1614 3696 1735 3739 Dan.
1757 3695 1819 3739 vi.
1881 3695 1944 3738 So
1984 3696 2128 3739 Peter
2162 3696 2256 3739 and

464 3769 489 3797 o
527 3769 582 3799 n:
616 3758 725 3802 Acts
751 3761 809 3804 iv.
