2482 4166
424 270 530 319 128
681 274 768 318 DE
811 272 1040 317 LEGUM
1080 268 1503 316 HUMANARUM
1546 267 1996 314 OBLIGATIONE.

421 405 542 458 liter
568 404 815 465 revelato,
846 408 900 455 et
927 400 1184 454 mentibus
1211 401 1370 453 illato
1386 418 1405 450 .·
1448 398 1674 452 Scientia
1696 395 1917 466 denique
1942 413 2008 448 ex
2036 401 2256 464 utroque
2279 397 2309 438 3

423 487 612 558 priore,
642 492 734 538 aut
762 483 974 556 propria
1016 485 1378 544 meditatione,
1414 488 1506 534 aut
1533 480 1700 533 aliena
1728 480 2064 532 institutione
2090 483 2255 539 eruta,

425 569 568 622 velut
595 570 828 622 Lumine
854 568 1120 636 acquisito
1139 584 1160 627 ,·
1204 563 1346 634 cujus
1387 563 1575 616 iterum
1602 563 1800 615 Media
1826 560 2088 631 praecipua
2120 566 2254 620 sunt,

425 654 723 705 Discursus
751 650 1025 711 Rationis,
1053 654 1107 701 et
1133 648 1452 701 Auctoritas
1471 645 1523 713 (i.
1544 663 1588 698 e.
1619 645 1904 697 Judicium
1940 648 1993 696 et
2020 643 2257 710 Praoeis)

424 733 729 788 universalis
756 733 1035 785 Ecclesioe.

551 817 624 868 ΙΙ.
687 814 827 878 Quin
856 820 909 866 et
933 812 1062 865 illud
1091 810 1376 873 submonui,
1406 811 1527 880 (quo
1557 809 1747 862 futurae
1783 806 2080 861 tractationi
2122 805 2259 860 viam

425 898 609 952 saltem
636 898 859 967 aliquam
887 895 1274 966 praestruerem)
1300 900 1494 963 praeter
1523 894 1634 945 Dei
1661 894 1873 961 Leyem,
1906 908 2023 960 quae
2061 908 2167 959 per
2204 909 2258 943 se

425 981 659 1034 absolute
696 987 750 1032 et
782 978 835 1031 vi
869 976 1081 1048 propria
1109 975 1334 1028 omnium
1361 974 1624 1028 hominum
1653 975 2005 1027 conscientias
2033 974 2255 1041 obliyat‚

426 1063 582 1132 idque
616 1061 670 1113 in
703 1079 905 1114 summo
939 1061 1151 1128 yradu,·
1199 1076 1310 1111 esse
1343 1064 1397 1110 et
1440 1057 1543 1110 alia
1580 1056 1839 1118 nonnulla,
1880 1073 1996 1125 quae
2021 1056 2258 1125 yradum

426 1144 683 1214 quendam
712 1143 993 1211 obliyandi
1035 1140 1284 1201 obtinent,
1332 1139 1424 1192 sed
1463 1157 1659 1191 summo
1703 1138 1790 1190 illo
1831 1136 2156 1190 inferiorem:
2199 1143 2259 1189 ut

425 1221 541 1296 quae
570 1244 673 1278 non
699 1222 943 1295 primario
972 1229 1026 1275 et
1044 1240 1148 1292 per
1176 1240 1245 1286 se,
1265 1221 1357 1274 sed
1384 1220 1685 1274 secundario
1715 1226 1768 1272 et
1797 1239 1859 1273 ex
1888 1220 2222 1289 consequenti
2237 1239 2258 1281 ;

426 1327 529 1361 non
558 1309 813 1369 absolute,
843 1305 936 1358 sed
963 1306 1190 1357 relative
1206 1324 1226 1365 ;
1270 1321 1374 1355 non
1409 1302 1460 1356 vi
1494 1302 1719 1373 propria,
1757 1301 1848 1354 sed
1878 1300 2071 1354 virtute
2100 1300 2260 1354 divini

426 1390 639 1461 alicujus
683 1387 931 1460 praecepti
979 1386 1087 1440 sive
1135 1384 1358 1439 instituti
1400 1384 1454 1437 in
1499 1402 1600 1455 quo
1656 1383 1958 1446 fundantur,
2018 1384 2260 1453 obliyant

428 1472 775 1527 conscientias,
865 1471 995 1533 Quae
1044 1467 1251 1522 tametsi
1293 1467 1348 1519 in
1402 1486 1462 1520 eo
1520 1466 1826 1520 conveniant
1880 1464 2065 1528 omnia,
2121 1466 2261 1535 quod

426 1572 782 1625 quamcunque
806 1553 1000 1605 habent
1028 1552 1309 1620 obliyandi
1336 1549 1455 1613 vim,
1487 1568 1600 1602 eam
1637 1568 1702 1602 ex
1739 1555 1850 1602 toto
1886 1550 2087 1601 divinoe
2121 1550 2262 1618 Leyi

427 1644 693 1707 acceptam
727 1636 983 1696 debeant3
1029 1635 1301 1702 (Primum
1329 1634 1470 1685 enim
1511 1634 1572 1684 in
1614 1650 1920 1701 unoquoque
1955 1649 2142 1699 yenere
2184 1641 2261 1683 est

428 1738 600 1773 causa
641 1719 969 1788 reliquorum
986 1736 1006 1776 ;
1044 1733 1139 1767 nec
1186 1721 1321 1767 esset
1366 1714 1541 1768 divina
1577 1715 1687 1766 Lex
1729 1715 2025 1783 adaequata
2061 1714 2260 1767 consci-

429 1804 586 1855 entioe
630 1801 860 1870 Reyula‚
904 1797 1042 1869 quod
1080 1796 1191 1868 jam
1239 1802 1361 1850 ante
1407 1795 1628 1867 positum
1683 1802 1777 1857 est,
1822 1794 1866 1848 si
1911 1800 2062 1847 extra
2095 1794 2258 1865 ipsam

429 1883 624 1953 aliquid
652 1884 916 1951 obliyaret
939 1901 957 1933 .·
1000 1879 1138 1950 quod
1175 1897 1279 1931 non
1319 1878 1478 1950 ipsius
1513 1878 1707 1932 virtute
1750 1879 2013 1946 obliyaret
2036 1878 2076 1945 :)
2116 1876 2259 1930 diffe-

433 1972 558 2018 runt
585 1971 760 2018 tamen
786 1964 923 2016 inter
961 1980 1016 2015 se
1054 1961 1289 2033 singula:
1333 1960 1760 2031 quemadmodum
1802 1961 2004 2029 Specie,
2042 1966 2260 2030 propter

430 2047 784 2101 diversitatem
812 2046 1070 2099 Materioe
1086 2064 1105 2105 ;
1149 2043 1221 2096 sic
1261 2049 1315 2096 et
1359 2044 1572 2110 Gradu,
1605 2049 1854 2112 quantum
1882 2041 1950 2095 ad
1979 2042 2261 2111 obliyandi

430 2133 555 2183 vim.
652 2130 786 2182 Sunt
848 2134 1021 2180 autem
1077 2125 1166 2178 illa
1220 2124 1274 2177 in
1330 2124 1519 2195 triplici
1579 2124 1896 2195 potissimum
1952 2123 2259 2176 discrimine.

433 2212 685 2276 Quaedam
727 2210 862 2263 enim
910 2219 1213 2263 constanter
1252 2209 1508 2277 obliyant,
1549 2225 1768 2276 quorum
1804 2223 1983 2258 rursus
2012 2212 2132 2258 sunt
2158 2205 2259 2258 duo
2286 2212 2308 2255 1

430 2313 656 2367 genera:
700 2312 858 2346 unum
903 2310 1081 2344 eorum
1126 2308 1345 2361 quorum
1382 2291 1642 2359 obliyatio
1685 2288 1851 2342 oritur
1895 2306 1960 2341 ex
1995 2298 2262 2358 potestate

430 2376 659 2439 alteriUS,
698 2382 758 2429 ut
801 2377 972 2445 Leyes
1009 2375 1274 2435 humanae,
1313 2372 1559 2425 mandata
1586 2378 1877 2443 parentum,
1903 2370 2259 2433 Dominorum‚

431 2466 527 2512 etc.
600 2459 839 2511 Alterum
869 2475 1047 2510 eorum
1076 2473 1294 2525 quorum
1324 2456 1585 2524 obliyatio
1623 2452 1788 2507 oritur
1828 2472 1894 2506 ex
1931 2452 2097 2506 libera
2142 2470 2261 2522 pro·
2283 2461 2313 2503 2

432 2541 561 2612 prise
616 2542 916 2593 Voluntatis
965 2539 1226 2599 electione,
1271 2543 1330 2590 ut
1366 2538 1520 2599 Vota,
1556 2537 1593 2589 J
1596 2542 1879 2598 uramenta,
1920 2537 2099 2598 Pacta,
2131 2536 2260 2587 Pro-

432 2622 600 2684 missa,
659 2629 712 2674 et
759 2621 840 2673 his
895 2619 1109 2674 similia:
1152 2618 1390 2688 quaedam
1444 2636 1569 2671 vero
1619 2637 1682 2672 ex
1738 2619 2009 2671 accidenti
2060 2622 2262 2670 tantum
2284 2626 2314 2669 3

523 2817 564 2857 2.
616 2811 807 2856 Besides
843 2810 925 2855 the
954 2812 1065 2854 Law
1100 2812 1155 2855 of
1186 2811 1305 2862 Grod,
1339 2810 1489 2855 which
1513 2810 1596 2854 has
1621 2824 1682 2853 an
1709 2809 1936 2860 absolute,
1966 2821 2150 2865 proper,
2170 2808 2264 2851 and

432 2898 650 2941 supreme
677 2883 945 2939 Obligation
970 2882 1046 2926 for
1075 2882 1157 2926 the
1187 2881 1468 2925 Conscience
1497 2881 1551 2924 of
1577 2894 1700 2932 man,
1720 2879 1854 2922 there
1875 2892 1954 2922 are
1975 2878 2111 2922 other
2130 2880 2263 2923 Laws

437 2955 588 2999 which
614 2954 733 2997 have
753 2968 781 2996 a
817 2954 1023 3005 relative,
1046 2953 1300 2997 derivative
1331 2952 1425 2995 and.
1460 2952 1654 2995 inferior
1690 2950 1960 3006 obligation.
2024 2948 2102 2992 All
2130 2949 2263 2994 these

434 3027 567 3070 Laws
596 3039 734 3085 agree
764 3025 814 3067 in
845 3024 951 3074 this,
979 3024 1084 3068 that
1113 3024 1227 3082 they
1249 3023 1406 3067 derive
1430 3022 1555 3066 their
1584 3022 1846 3079 obligatory
1865 3033 2021 3078 power
2040 3020 2162 3063 from
2181 3020 2263 3064 the
2302 3073 2308 3076 ἡ

434 3098 608 3141 Divine
623 3098 748 3140 Law.
806 3096 901 3140 But
925 3095 1037 3154 they
1053 3096 1189 3140 differ
1206 3094 1324 3139 both
1338 3094 1387 3136 in
1406 3094 1548 3146 Kind,
1569 3092 1818 3149 according
1837 3095 1887 3135 to
1912 3090 1994 3135 the
2015 3091 2264 3135 difference

435 3169 490 3213 of
505 3168 586 3212 the
606 3169 796 3220 Matter,
821 3166 913 3211 and
938 3167 988 3210 in
1007 3167 1207 3224 Degree,
1233 3181 1282 3211 as
1301 3170 1351 3209 to
1370 3165 1451 3209 the
1471 3166 1619 3209 Force
1640 3164 1694 3208 of
1709 3164 1790 3207 the
1811 3162 2082 3219 obligatIOn.

527 3240 669 3283 Some
688 3253 768 3283 are
790 3239 1053 3297 constantly
1073 3238 1357 3296 obligatory3
1396 3237 1489 3280 and
1510 3236 1642 3280 these
1667 3235 1803 3292 again
1823 3247 1903 3277 are
1925 3233 1979 3277 of
1998 3238 2089 3277 two
2104 3233 2264 3286 kinds3

525 3311 679 3355 Those
704 3311 759 3354 of
780 3309 931 3354 which
964 3310 1046 3354 the
1079 3310 1336 3368 obligation
1368 3309 1509 3352 arises
1536 3307 1661 3352 from
1692 3306 1774 3350 the
1800 3318 1958 3364 power
1977 3304 2031 3349 of
2053 3304 2265 3358 another,

433 3396 485 3426 as
506 3382 695 3425 Human
715 3382 873 3434 Laws3
911 3381 1004 3425 and
1025 3381 1106 3426 the
1127 3380 1396 3425 commands
1423 3379 1477 3424 of
1491 3381 1719 3430 Parents3
1750 3377 1832 3422 &a
1850 3393 1860 3420 ε
1901 3376 1996 3419 ancl

527 3453 679 3498 Those
709 3453 764 3497 of
788 3453 939 3497 which
975 3453 1057 3497 the
1087 3452 1343 3510 obligation
1373 3452 1514 3496 arises
1543 3451 1668 3494 from
1702 3462 1789 3493 our
1824 3461 1927 3492 own
1959 3446 2060 3491 free
2091 3450 2180 3498 act,
2212 3459 2264 3490 as

433 3523 588 3576 Vows,
610 3524 771 3576 Oaths,
790 3524 1039 3577 Promises‚
1060 3525 1322 3583 Compacts,
1342 3523 1435 3567 and
1456 3522 1537 3567 the
1557 3522 1664 3565 like.

529 3595 670 3639 Some
701 3609 781 3639 are
812 3596 922 3654 only
958 3596 1268 3654 occasionally
1304 3595 1578 3652 obligatory‚
1608 3589 1857 3646 according
1888 3592 1938 3632 to
1968 3588 2096 3640 time,
2115 3586 2263 3644 place,

434 3665 530 3776 {nd
561 3666 922 3720 circumstance3
970 3682 1021 3712 as
1053 3667 1135 3712 the
1165 3668 1277 3711 Law
1313 3666 1368 3710 of
1392 3669 1476 3710 not
1506 3664 1662 3723 giving
1702 3660 1893 3706 Offence
1934 3659 2030 3703 and
2074 3657 2264 3714 causing

476 3736 656 3779 candal.
