2482 4166
838 266 1222 315 PRAELECTIO
1265 267 1544 320 QUARTA.
2008 264 2109 314 123

275 406 477 480 potest:
527 400 793 456 moraliter
830 406 1006 454 autem
1039 396 1331 471 praesertim
1366 397 1422 464 in
1453 397 1933 468 supernaturalibus
1973 399 2111 453 idem

274 496 354 543 est
388 505 493 541 non
531 504 653 548 esse,
689 491 743 537 et
772 502 879 537 non
919 500 1204 553 apparere,
1249 480 1357 534 sive
1390 499 1495 533 non
1535 480 1610 534 ita
1645 480 1956 534 sufficienter
1991 499 2112 552 pro-

273 569 410 643 poni,
455 576 514 623 ut
554 567 716 638 possit
756 566 819 619 iis
852 566 1189 618 innotescere.
1277 563 1489 616 Diserte
1529 564 1781 617 Servator
1821 563 1947 634 ipse,
1988 566 2111 618 Joh.

274 672 359 706 xv.
390 653 480 715 22,
528 652 594 705 Si
620 669 726 704 non
767 650 1038 713 venissem,
1069 658 1119 700 et
1149 649 1357 700 locutus
1385 665 1547 700 essem
1576 648 1669 712 eis,
1691 657 1980 716 peccatum
2007 664 2114 699 non

275 736 563 789 haberent:
605 733 639 787 i.
663 751 708 786 e.
753 750 857 784 non
904 730 984 784 rei
1029 736 1200 783 essent
1247 731 1418 798 spreti
1464 731 1776 799 Evanyelii.
1865 728 2115 801 Obligare

274 825 451 871 tamen
499 833 675 869 omnes
719 815 905 885 quibus
949 812 1289 884 praedicatum
1336 818 1431 874 est,
1480 811 1549 864 ad
1600 810 1945 865 obedientiam
2002 819 2114 864 tum

265 903 403 970 fidei
434 907 546 953 tum
585 901 727 963 vitoe,
767 897 844 950 ita
878 903 939 949 ut
979 901 1259 948 teneantur
1301 912 1478 947 omnes
1521 894 1705 964 quibus
1747 896 2116 964 Evanyelium

275 982 644 1035 annunciatum
673 986 768 1043 est,
800 986 853 1033 et
881 981 942 1032 in
978 980 1254 1033 Christum
1282 979 1495 1031 credere
1522 988 1583 1030 ut
1621 979 2021 1047 redemptorem,
2063 985 2117 1030 et

276 1067 389 1135 ipsi
426 1075 487 1118 ut
528 1064 863 1134 Leyislatori
892 1080 1132 1131 parere:
1180 1060 1318 1130 quod
1362 1067 1640 1130 utrumque
1682 1060 1737 1113 ni
1779 1060 2012 1123 fecerint,
2061 1060 2116 1112 in

277 1147 500 1220 neglecti
527 1146 672 1200 officii
699 1143 1000 1216 supplicium
1019 1162 1196 1214 poenas
1225 1150 1448 1196 aeternas
1475 1143 1636 1197 luent.

397 1230 661 1283 XXXIII.
746 1228 877 1280 Dico
914 1229 1157 1289 secundO,
1196 1225 1415 1296 obligari
1454 1225 1736 1278 Ecclesiam
1768 1225 2117 1280 Christianam

278 1313 348 1366 ad
376 1316 645 1367 Instituta
670 1313 866 1373 Sacra,
898 1311 1016 1378 (hoc
1045 1316 1138 1372 est,
1169 1308 1238 1361 ad
1277 1310 1432 1361 Verbi
1449 1308 1885 1379 praedicationem,
1914 1311 2118 1362 Sacra-

278 1407 575 1450 mentorum
616 1392 1127 1454 administrationem,
1167 1392 1559 1444 Ministrorum
1597 1391 1872 1463 Evangelii
1910 1392 2118 1445 ordina-

278 1479 487 1541 tionem,
519 1485 572 1531 et
605 1477 856 1532 Cluvium
884 1482 994 1529 tum
1021 1474 1267 1536 scientiae,
1297 1480 1409 1526 tum
1443 1473 1741 1536 PotestatiS,
1772 1473 2117 1542 exercitium,)

278 1561 331 1613 in
373 1561 436 1613 iis
481 1559 715 1612 omnibus
760 1576 877 1628 quae
919 1557 988 1609 ad
1038 1556 1267 1626 ipsorum
1316 1557 1601 1608 essentiam
1643 1555 1925 1626 pertinent,
1966 1556 2120 1626 juxta

276 1645 669 1697 institut-ionem
709 1640 904 1694 Christi
945 1645 999 1692 et
1037 1638 1441 1709 Apostolorum:
1499 1638 1574 1691 ita
1611 1645 1672 1691 ut
1712 1657 1817 1691 non
1857 1638 2012 1692 liceat
2055 1639 2118 1702 ei,

277 1725 438 1779 multo
481 1742 605 1778 vero
644 1723 812 1776 minus
853 1720 1156 1793 particulari
1193 1720 1344 1773 alicui
1386 1723 1548 1774 coetui
1585 1728 1677 1775 aut
1704 1740 1967 1792 personae,
1998 1721 2120 1775 inde

278 1808 553 1879 quicquam
606 1812 790 1877 sponte
846 1804 932 1858 vel
984 1804 1288 1856 imminuere
1343 1803 1427 1857 vel
1481 1803 1772 1859 immutare.
1876 1805 2120 1859 Ceterum

278 1902 527 1945 externas
557 1882 834 1943 Sacrorum
864 1887 1229 1941 Institutorum
1260 1888 1707 1941 circumstantias
1739 1888 1815 1941 ita
1848 1906 1960 1941 esse
1996 1890 2120 1941 tibe-

276 1993 390 2035 ras,
414 1980 473 2027 ut
499 1972 661 2044 possit
685 1973 941 2026 Ecclesia
962 1970 1158 2041 quaevis
1185 1969 1526 2040 particulariS,
1546 1988 1642 2039 pro
1668 1970 1868 2023 ratione
1887 1973 2121 2024 locorum

279 2063 334 2110 et
364 2067 673 2126 temporum,
697 2061 854 2125 prout
882 2072 948 2106 ex
974 2071 1072 2105 usu
1096 2053 1254 2105 fuerit
1272 2052 1449 2123 populi
1472 2052 1589 2115 Dei,
1614 2059 1667 2106 et
1688 2060 1748 2106 ut
1770 2055 2122 2122 aedificationi

279 2139 541 2192 videbitur
569 2137 830 2208 expedire,
858 2136 933 2189 ita
961 2136 1027 2188 de
1056 2134 1130 2187 eis
1151 2141 1399 2189 statuere.

404 2221 661 2274 XXXIV.
724 2219 856 2271 Dico
891 2220 1064 2279 terti0,
1106 2219 1257 2270 Novi
1308 2219 1639 2271 Testamenti
1679 2221 1936 2272 Moralia
1967 2221 2120 2273 Proe-

280 2314 437 2374 cepta
466 2303 646 2356 eadem
685 2320 796 2355 esse
838 2300 1010 2371 quoad
1041 2298 1381 2353 substantiam
1409 2318 1524 2352 cum
1554 2303 1625 2353 M
1625 2303 1870 2356 oralibus
1918 2304 2122 2356 Veteris

294 2387 626 2440 Testamenti
649 2405 666 2438 .·
696 2391 749 2437 et
774 2390 995 2453 utraque
1024 2383 1093 2435 ad
1120 2384 1319 2452 Le9em
1341 2384 1691 2447 Naturalem,
1721 2401 1839 2454 quae
1867 2384 1921 2437 in
1946 2387 2122 2438 decem

276 2471 565 2542 praeceptis
603 2467 869 2536 Decaloyi
906 2465 1215 2528 continetur,
1256 2483 1368 2517 esse
1405 2467 1734 2530 revocanda3
1775 2467 1908 2521 sicut
1952 2468 2123 2520 omnia

280 2552 423 2605 entia
447 2550 608 2604 realia
636 2555 946 2603 revocantur
974 2548 1042 2601 ad
1071 2550 1248 2601 decem
1271 2550 1725 2603 Proedicamenta.
1797 2552 1926 2603 Esse
1947 2557 2123 2603 tamen

271 2645 552 2706 praecepta
601 2634 809 2687 Christi
847 2631 900 2683 in
938 2632 1079 2701 Leye
1112 2650 1269 2693 nova,
1314 2637 1374 2683 ut
1418 2631 1595 2685 Sancti
1637 2632 1881 2685 Ecclesiae
1916 2636 2123 2686 Patres

375 2831 447 2872 33.
526 2824 695 2871 Second
707 2842 724 2876 ‚·
755 2825 858 2870 The
888 2825 1125 2870 Christian
1155 2825 1345 2870 Church
1374 2826 1413 2870 is
1444 2825 1606 2870 bound
1641 2829 1692 2868 to
1726 2824 1961 2869 Christian
1985 2825 2123 2869 Ordi-

281 2913 442 2942 nances
452 2915 469 2948 ,·
495 2898 708 2956 namely;
738 2897 820 2942 the
840 2897 1103 2955 Preaching
1124 2897 1178 2941 of
1197 2897 1280 2941 the
1299 2898 1442 2950 word,
1462 2897 1545 2942 the
1565 2895 1953 2940 Administration
1973 2897 2028 2940 of
2041 2897 2123 2941 the

285 2970 595 3021 Sacraments,
622 2969 705 3013 the
728 2969 1006 3013 Ordination
1039 2970 1094 3013 of
1114 2969 1351 3014 Ministers
1386 2969 1441 3013 of
1455 2968 1538 3013 the
1559 2968 1747 3026 GospeL
1768 2968 1863 3011 and
1891 2967 1973 3011 the
1994 2981 2123 3011 exer-

282 3042 376 3085 cise
395 3041 451 3085 of
470 3041 552 3085 the
572 3042 737 3085 Power
757 3040 811 3084 of
831 3040 913 3085 the
934 3041 1203 3098 Keys—the
1221 3041 1314 3099 key
1334 3041 1389 3085 of
1408 3040 1696 3097 Knowledge
1722 3039 1816 3082 and
1846 3038 1928 3082 the
1948 3038 2041 3096 key
2072 3038 2128 3082 of

282 3112 460 3155 Power.
518 3113 565 3156 It
588 3112 626 3155 is
652 3126 703 3156 so
727 3112 889 3155 bound
913 3117 964 3155 to
983 3112 1117 3156 these
1139 3112 1428 3156 Ordinances
1448 3113 1499 3155 in
1524 3111 1587 3155 all
1608 3110 1826 3155 essentia]
1850 3110 2020 3167 points,
2046 3123 2123 3153 ac-

284 3182 477 3238 cording
494 3186 545 3225 to
563 3182 645 3226 the
659 3183 924 3226 institution
944 3183 998 3226 of
1015 3183 1172 3226 Christ
1189 3183 1282 3226 and
1301 3183 1375 3226 his
1388 3183 1620 3240 Apostles,
1634 3181 1739 3224 that
1754 3181 1792 3224 it
1807 3181 1846 3224 is
1866 3184 1950 3223 not
1964 3179 2124 3223 lawful

284 3252 361 3295 for
387 3266 479 3307 any
507 3253 808 3309 community‚
841 3253 938 3296 still
967 3253 1058 3296 less
1084 3253 1160 3296 for
1194 3267 1286 3310 any
1311 3267 1497 3311 person,
1529 3257 1580 3296 to
1610 3252 1788 3309 change
1824 3264 1879 3294 or
1903 3250 2124 3295 diminish

283 3322 429 3367 them.
465 3323 560 3365 But
574 3322 655 3366 the
671 3322 876 3366 externa]
894 3323 1263 3367 Circumstances
1279 3324 1334 3367 of
1342 3324 1478 3368 those
1493 3323 1780 3367 Ordinances
1797 3335 1877 3365 are
1896 3321 2011 3372 free,
2030 3322 2123 3365 and

285 3408 393 3452 may
411 3394 471 3438 be
490 3393 660 3438 settled
680 3393 743 3450 by
763 3406 854 3450 any
872 3394 1127 3450 particular
1146 3392 1336 3446 church,
1356 3394 1607 3450 according
1635 3398 1686 3437 to
1702 3393 1847 3450 place
1874 3393 1968 3436 and
1993 3393 2124 3445 time,

284 3466 534 3522 according
554 3470 604 3508 to
627 3463 861 3507 Christian
881 3469 1074 3515 custom,
1090 3465 1184 3508 and
1203 3464 1315 3508 with
1336 3479 1396 3507 an
1417 3478 1503 3522 eye
1522 3469 1572 3507 to
1586 3463 1821 3507 Christian
1836 3463 2119 3509 edification.

376 3541 448 3581 34.
516 3536 689 3585 Third,·
721 3535 823 3578 The
843 3535 1001 3578 Moral
1020 3536 1229 3592 Precepts
1267 3536 1322 3578 of
1345 3535 1428 3579 the
1467 3535 1642 3593 Gospel
1679 3548 1760 3578 are
1794 3534 1879 3578 the
1908 3549 2036 3580 same
2072 3537 2123 3579 in

281 3608 532 3653 substance
553 3622 602 3651 as
626 3607 762 3651 those
784 3607 839 3650 of
857 3606 939 3650 the
966 3606 1059 3650 Old
1080 3607 1382 3658 Testament3
1419 3606 1514 3650 and
1538 3606 1602 3649 all
1622 3620 1731 3664 may
1751 3605 1813 3650 be
1840 3606 2050 3650 referred
2070 3611 2121 3651 to

285 3679 368 3723 the
397 3678 599 3723 Natural
622 3680 746 3730 Law,
767 3677 919 3721 which
948 3678 986 3721 is
1019 3677 1267 3721 contained
1293 3678 1343 3721 in
1375 3677 1457 3722 the
1488 3678 1590 3721 Ten
1613 3677 2040 3730 Commandments,
2071 3690 2122 3722 as

285 3750 348 3794 all
375 3751 470 3794 real
503 3750 667 3806 beings
696 3763 805 3808 may
834 3749 894 3793 be
923 3748 1135 3793 referred
1165 3753 1215 3792 to
1250 3748 1332 3792 the
1362 3750 1464 3793 Ten
1488 3749 1854 3793 Predicaments.
1916 3750 2011 3793 But
2040 3749 2123 3793 the
