2482 4166
358 295 396 329 X
1103 289 1456 336 PRAEFATIO.

362 414 498 469 enim
547 415 660 469 fieri
706 419 886 486 amat,)
936 411 1314 493 ἐργοδιῶκται,
1357 419 1444 489 qui
1472 425 1735 491 rogarent,
1788 426 1841 473 et
1878 421 1959 489 (ut
1986 424 2198 476 *Fabii

361 512 535 566 verbis
563 516 703 583 utar)
735 516 1053 585 quotidiano
1080 516 1309 568 convitio
1339 517 1712 584 efflayitarent,
1739 522 1798 569 ut
1828 534 1945 586 quae
1969 516 2198 588 ipsorum

356 610 586 661 auribus
635 608 773 661 inter
816 608 1206 681 praelegendum
1252 610 1394 662 haud
1440 609 1651 682 ingrata
1691 610 1924 675 fuissent,
1975 612 2199 665 omnium

356 705 526 757 oculis
553 703 776 776 legenda
810 704 1131 775 subjicerem.
1211 707 1326 777 Ego
1367 713 1563 768 contra,
1601 725 1706 759 non
1747 706 1961 778 ignarus
2002 714 2197 777 quanto

360 806 496 852 esset
521 799 689 852 acrius
717 802 991 854 oculorum
1017 818 1172 871 quam
1199 804 1422 854 aurium
1448 801 1715 871 judicium,
1748 802 1803 855 id
1831 822 1914 856 me
1941 803 2199 856 facturum

359 902 657 949 constanter
683 914 929 968 pernegO.
986 898 1193 950 Instare
1221 896 1297 948 illi
1325 897 1695 962 vehementius,
1721 905 1774 951 et
1798 917 1991 971 urgere
2015 917 2196 970 porro;

358 990 546 1044 leniter
575 990 746 1054 etiam,
778 998 837 1044 ut
864 992 938 1054 fit,
970 1010 1301 1045 succensere:
1350 994 1482 1064 Ego,
1523 993 1606 1046 cui
1644 994 1908 1047 decretum
1935 1001 2049 1048 erat
2077 1012 2190 1048 esse

357 1087 625 1158 pertinaci,
655 1105 760 1139 11011
793 1094 950 1140 mut0.
1042 1087 1299 1157 Quicquid
1339 1088 1475 1140 enim
1515 1088 1591 1141 illi
1631 1088 1968 1153 intentarent,
2011 1090 2198 1142 aderat

356 1181 484 1234 mihi
512 1200 716 1251 semper
743 1181 798 1233 in
826 1189 1071 1252 promptu
1099 1183 1239 1252 quod
1269 1200 1585 1253 opponerem
1609 1204 1622 1237 :
1665 1203 1770 1236 non
1812 1202 1925 1237 esse
1961 1184 2199 1237 emitten-

358 1278 482 1330 dum
511 1296 644 1347 opus
671 1279 999 1339 inchoatum,
1039 1277 1260 1329 necdum
1289 1277 1517 1339 dimidia,
1558 1278 1696 1331 forte
1723 1296 1792 1331 311
1820 1278 1910 1331 vix
1938 1278 2095 1331 tertia
2122 1279 2202 1332 sui

356 1379 524 1444 parte,
582 1372 889 1425 absolutum.
981 1372 1086 1425 Sed
1131 1390 1227 1425 nec
1275 1371 1377 1425 illis
1432 1372 1599 1426 minus
1653 1372 1710 1425 in
1765 1379 2013 1443 promptu
2062 1374 2201 1443 quod

355 1476 695 1542 regererent:
740 1471 886 1531 Quid
924 1488 1048 1538 erqo
1079 1488 1270 1530 cessas,
1314 1468 1601 1539 inquiunt?
1694 1472 1838 1530 Quin
1877 1472 2121 1539 accinyis
2153 1481 2201 1523 te

356 1569 521 1637 operi,
553 1578 603 1620 et
632 1585 797 1637 quam
825 1567 1094 1634 occoepisti
1124 1566 1288 1618 telam
1305 1567 1551 1634 perteoeis
1580 1583 1741 1633 ocyus
1758 1565 1788 1617 Ρ

472 1662 611 1726 Quid
640 1680 737 1734 ego
763 1661 848 1714 hic
872 1660 1242 1731 responderim,
1285 1666 1339 1712 et
1380 1659 1540 1736 fateri
1578 1659 1758 1729 pudet,
1798 1677 1895 1712 nec
1926 1658 2048 1713 licet
2075 1660 2199 1714 reti-

356 1776 490 1811 cere.
568 1756 837 1827 Respondi
886 1752 1082 1818 tamen,
1142 1754 1306 1829 (quod
1358 1760 1411 1806 et
1460 1753 1616 1806 nimio
1664 1753 1781 1823 plus
1837 1772 2020 1807 verum
2075 1752 2196 1826 est‚)

356 1854 473 1907 Nisi
514 1853 690 1923 aliqua
739 1859 893 1925 cogat
941 1854 1245 1914 necessitas,
1306 1869 1423 1921 quae
1478 1850 1606 1903 mihi
1644 1856 1766 1903 tunc
1811 1853 2201 1921 Eoeprofessori

355 1948 513 2011 nulla,
564 1948 679 2001 fieri
727 1966 830 2000 non
879 1966 1044 2019 posse.
1132 1946 1409 2009 Nimirum,
1466 1952 1527 1999 ut
1568 1945 1790 2018 ignavus
1836 1945 1996 2009 miles,
2045 1965 2200 2017 quem

354 2046 473 2098 sola
502 2046 711 2113 fortem
732 2045 890 2112 facit
939 2045 1263 2112 desperatiO,
1315 2048 1428 2095 tum
1474 2042 1681 2095 demum
1722 2042 1855 2095 acris
1908 2042 2080 2095 fertur
2130 2044 2199 2096 ad

354 2158 600 2212 pugnam,
633 2157 749 2192 cum
777 2138 947 2191 nullus
974 2137 1203 2207 reliquus
1232 2144 1311 2191 est
1338 2137 1528 2210 effugio
1568 2137 1741 2192 locus:
1786 2137 1863 2192 ita
1898 2137 2023 2191 mihi
2050 2138 2199 2211 inge-

357 2235 499 2288 nium
528 2241 621 2289 est.
708 2235 820 2289 Des
849 2234 1010 2288 otium
1038 2233 1276 2305 spatium,
1308 2232 1549 2304 tempus!

1277 2346 1360 2389 Nic
1380 2347 1455 2405 fit.

795 2434 1029 2478 Veaeantur
1045 2433 1239 2489 frustra
1268 2431 1433 2474 calami
1447 2430 1493 2485 ψ,

356 2543 540 2597 diffluit
584 2559 745 2603 1116115,
792 2548 1033 2612 vagatur,
1085 2538 1329 2613 excurrit,
1380 2543 1573 2607 torpet.
1660 2538 1724 2588 In
1767 2542 1968 2589 arctum
2006 2536 2197 2609 cogas!

359 2638 619 2701 Subsistit,
658 2637 930 2699 excitatur,
967 2634 1227 2705 recolligit
1266 2633 1435 2695 vires3
1481 2650 1711 2703 quasque
1753 2632 1927 2693 habet,
1968 2632 2198 2701 quando-

358 2734 567 2805 quidem
597 2740 778 2787 exerto
802 2738 881 2785 est
906 2748 1049 2802 opuS,
1081 2729 1248 2783 exerit
1284 2729 1584 2783 universas:
1628 2734 1683 2781 et
1723 2734 1782 2780 ut
1823 2727 1984 2780 verbo
2013 2727 2195 2794 dicam,

357 2829 497 2899 quod
540 2828 647 2900 agi
677 2845 886 2880 necesse
936 2832 1030 2888 est,
1086 2827 1183 2877 hoc
1234 2826 1367 2893 ayit.
1456 2824 1534 2876 Ut
1585 2821 1706 2875 solis
1746 2821 1897 2884 radii,
1945 2821 2034 2891 qui
2075 2821 2194 2874 laxo

356 2924 625 2994 liberoque
672 2922 797 2975 coelo
843 2921 1015 2974 diffusi
1060 2920 1133 2974 sic
1178 2919 1377 2972 modice
1416 2916 1724 2971 calefaciunt
1761 2917 1849 2969 vix
1887 2923 1946 2969 ut
1990 2916 2194 2979 sentiaS,

352 3019 512 3073 iidem
555 3019 609 3071 in
655 3017 866 3071 concavi
910 3015 1103 3087 speculi
1140 3015 1433 3076 umbonem,
1482 3011 1625 3066 velut
1662 3011 1717 3064 in
1759 3017 1994 3065 centrum
2032 3012 2197 3065 coacti

354 3114 682 3184 adductique,
726 3113 917 3166 acriter
951 3117 1125 3164 urunt.
1213 3109 1382 3162 Multo
1421 3126 1519 3161 usu
1556 3125 1589 3160 a
1634 3105 1804 3177 prima
1845 3106 2089 3178 lanugine
2128 3107 2196 3159 ad

356 3212 490 3263 hanc
519 3209 755 3263 canitiem
786 3209 995 3262 edoctus
1024 3206 1193 3272 didici,
1226 3223 1380 3276 quam
1402 3223 1506 3258 non
1535 3203 1602 3257 sit
1631 3220 1820 3256 vanum
1844 3201 1971 3255 illud
1996 3202 2196 3274 Pytha-

359 3323 503 3378 gorae
531 3303 927 3367 hemistichium,

807 3413 981 3473 δύναμις
1015 3410 1110 3477 Ὑσῖρ
1146 3409 1347 3469 ἄνοι”γκης
1388 3408 1544 3469 ἐγγύθι
1580 3413 1686 3460 ναίει
1704 3417 1749 3473 ff*

487 3519 639 3582 Quod
666 3518 872 3590 ignavae
908 3516 1094 3570 mentis
1122 3515 1317 3578 vitium,
1360 3514 1456 3567 etsi
1493 3515 1747 3569 nonnullis
1783 3514 2002 3567 fortasse
2028 3508 2193 3564 videri

407 3721 428 3741 *
456 3720 689 3764 Quintilian.
709 3720 840 3767 Epist.
858 3722 908 3757 ad
926 3721 1076 3769 Tryph.
1096 3719 1172 3768 [1].
1274 3714 1277 3736 ²
1319 3729 1410 3755 men
1428 3717 1576 3765 legitur
1593 3715 1691 3753 ‘Nil
1707 3718 1775 3752 est.
1793 3712 2036 3762 Culpantur,’
2052 3711 2140 3760 eta]

409 3781 423 3817 t
450 3784 590 3820 Horat.
611 3793 657 3820 11.
681 3782 761 3820 Sat.
779 3782 832 3819 iii.
861 3781 941 3830 [vv.
958 3785 994 3829 4,
1008 3783 1047 3828 5,
1076 3782 1146 3819 ubi
1170 3785 1231 3819 ta-
1368 3778 1390 3826 1
1416 3779 1519 3817 Aur.
1540 3778 1672 3816 Carm.
1694 3776 1751 3825 [v.
1771 3774 1831 3824 8.]
