2482 4166
749 232 1130 277 PRAELEGTIO
1173 232 1487 277 SECUNDA.
1968 227 2036 277 39

207 362 504 434 quotidiana
541 360 712 431 palam
755 367 809 413 et
850 359 1057 414 abunde
1099 378 1154 413 se
1182 359 1375 430 prodit,
1418 359 1647 411 humana
1674 360 1950 427 injustitia
1987 367 2043 413 et

205 445 599 498 incredulitate.
655 444 797 506 Quas
822 449 997 496 tamen
1026 448 1227 495 tantum
1256 442 1436 495 abesse
1464 441 1754 512 profitetur,
1785 448 1844 494 ut
1871 441 2045 494 irritas

204 525 394 581 faciant
429 527 709 595 yratuitas
735 524 836 578 Dei
867 527 1268 595 promissiones,
1313 531 1372 577 ut
1400 543 1430 577 e
1472 530 1655 576 contra
1679 523 1834 595 longe
1875 522 2046 592 potius

205 607 533 661 illustriorem
562 607 885 661 reddiderint
910 609 1111 677 qratiae
1140 618 1190 660 et
1217 608 1469 660 veritatis
1499 605 1658 676 ipsius
1687 604 1937 677 gloriam:
1981 604 2046 657 si-

207 690 413 761 quidem
441 682 572 743 kubi
601 693 903 743 abundavit
931 692 1201 752 delictum,
1240 692 1321 742 ibi
1349 699 1558 743 constat
1583 689 2048 758 superabundasse

207 784 258 826 et
283 774 543 842 qratiam.
595 773 881 843 Arripuere
910 772 1028 825 hinc
1056 771 1399 825 calumniandi
1425 789 1620 834 ansam,
1651 789 1716 823 ex
1746 788 1851 823 una
1878 776 2045 840 parte,

207 861 267 908 ut
290 855 525 925 Apostoli
545 856 904 908 auctoritatem
927 855 1302 918 imminuerent,
1329 856 1598 925 Sophistae
1620 859 1674 906 et
1698 856 2048 922 Impostores,·

209 955 276 989 ex
303 936 419 999 alia,
451 955 552 1007 quo
582 944 635 991 et
664 938 901 991 viverent
927 937 1161 991 licentius
1190 944 1245 990 et
1282 936 1572 990 excusatius
1596 942 1888 1007 peccarent,
1929 952 2050 1005 pro-

209 1018 317 1071 fani
365 1019 587 1088 pectoris
631 1022 940 1091 hypocritae.
1043 1020 1317 1083 Nimirum,
1368 1019 1412 1072 si
1462 1037 1589 1073 vera
1633 1024 1804 1075 essent
1853 1036 1970 1087 quae
2018 1034 2051 1069 a

211 1102 397 1154 Paulo
437 1102 748 1165 dicerentur,
793 1103 977 1156 cedere
1019 1110 1231 1173 peccata
1272 1102 1535 1155 hominum
1577 1101 1631 1154 in
1667 1100 1914 1171 majorem
1944 1101 2053 1153 Dei

209 1184 447 1251 yloriam
464 1203 483 1245 ;
529 1203 629 1237 non
662 1203 772 1238 esse
808 1204 898 1238 cur
927 1187 1072 1238 Deus
1109 1193 1201 1238 aut
1229 1192 1439 1256 peccata
1457 1186 1680 1255 puniat,
1720 1190 1812 1236 aut
1839 1200 2054 1253 peccan-

214 1264 350 1317 tibus
378 1267 659 1319 irascatur
672 1288 693 1328 ;
737 1286 842 1320 non
870 1286 980 1320 esse
1010 1286 1100 1320 cur
1129 1267 1242 1337 quis
1271 1286 1304 1320 a
1331 1267 1588 1337 peccando
1619 1265 1909 1320 abstineat:
1947 1263 2050 1316 imo

215 1365 341 1400 vero
369 1349 683 1417 peccandum
726 1367 837 1402 esse
874 1349 1098 1413 uberiuS,
1142 1357 1203 1402 ut
1233 1350 1526 1402 uberiorem
1553 1350 1699 1401 Deus
1740 1346 2056 1417 adipiscatur

215 1428 450 1500 gloriam,
495 1437 549 1483 et
577 1430 778 1483 omnino
805 1433 1079 1500 facienda
1116 1434 1286 1494 mala,
1323 1441 1384 1484 ut
1412 1433 1658 1484 eveniant
1688 1432 1842 1483 bona.
1915 1427 2058 1479 Reli-

215 1528 344 1579 quas
386 1510 732 1565 cavillationes
774 1512 925 1565 diluit
973 1513 1251 1583 Apostolus
1286 1512 1441 1582 justis
1483 1510 1930 1581 responsionibus3
1976 1515 2058 1561 ast

214 1592 447 1644 ultimam
473 1593 621 1655 hanc,
656 1596 958 1647 Faciamus
982 1596 1136 1646 mala
1162 1604 1223 1646 ut
1251 1596 1497 1647 eveniant
1528 1595 1682 1655 bona,
1719 1610 1784 1644 ne
1813 1591 2061 1663 dignatur

217 1673 424 1742 quidem
466 1674 829 1744 responsione:
871 1676 1058 1728 clamat
1096 1682 1300 1728 tantum
1334 1675 1660 1728 manifestam
1702 1692 1814 1727 esse
1857 1675 2062 1727 calum-

215 1757 368 1808 niam
390 1762 443 1808 et
474 1757 816 1826 blasphemiae
844 1758 1063 1822 affinem,
1088 1756 1390 1828 justumque
1418 1757 1521 1810 Dei
1552 1757 1803 1828 judicium
1830 1755 2062 1809 intermi-

217 1844 373 1890 natur
403 1837 476 1906 (ni
503 1839 827 1909 resipiscant)
857 1846 965 1893 tam
1003 1839 1309 1910 importunis
1337 1839 1808 1893 calumniatoribus,
1898 1838 2062 1902 Quasi

218 1926 355 1973 esset
394 1920 492 1972 hoc
517 1923 792 1991 sophisma
835 1941 900 1975 ex
926 1940 987 1975 eo
1030 1940 1224 1993 genere
1255 1929 1695 1994 argumentorum,
1737 1920 1921 1991 quibus
1959 1939 2065 1972 non

220 2007 328 2053 tam
368 1998 528 2058 λύσιν
567 2022 722 2073 quam
763 2001 993 2060 κόλασιν
1032 2004 1212 2057 deberi
1248 2004 1446 2057 censuit
1487 2005 1820 2057 Aristoteles.
1908 2002 2064 2055 Unde

220 2084 547 2137 manifestum
576 2093 670 2148 est,
712 2087 851 2155 quod
877 2094 931 2139 et
960 2105 1136 2139 omnes
1164 2087 1477 2156 interpretes
1513 2092 1813 2157 agnoscunt,
1844 2084 2066 2155 Aposto-

222 2165 330 2217 lum
387 2167 791 2221 constantissime
844 2187 1055 2240 negare,
1106 2169 1297 2221 malum
1350 2168 1558 2238 aliquod
1607 2167 1880 2237 quantavis
1928 2168 2067 2219 bona

225 2248 515 2301 intentione
570 2249 682 2301 fieri
724 2250 929 2304 debere.
1016 2252 1246 2303 Interest
1288 2253 1502 2318 quidem
1533 2251 1855 2320 plurimum,
1902 2248 2068 2319 inquit

226 2322 586 2401 ¹AugustinUS,
631 2350 742 2401 qua
781 2352 967 2395 causa,
1006 2351 1107 2399 quo
1124 2335 1251 2400 fine,
1291 2351 1401 2400 qua
1429 2335 1720 2386 intentione
1756 2334 1891 2402 quid
1921 2334 2068 2399 fiat:

225 2413 320 2465 secl
349 2431 414 2464 ea
440 2431 558 2482 quoe
598 2425 807 2467 constat
846 2434 952 2468 esse
977 2426 1225 2484 peccata,
1268 2417 1418 2468 nullo
1450 2416 1593 2468 bonae
1634 2433 1811 2468 causoe
1840 2415 2070 2475 obtentu,

228 2495 374 2546 nullo
412 2497 573 2564 quasi
603 2497 733 2550 bono
761 2499 887 2565 fine,
931 2499 1089 2549 nulla
1126 2498 1269 2550 velut
1307 2499 1445 2550 bona
1479 2499 1769 2551 intentione
1795 2498 2071 2566 facienda

228 2586 369 2629 sunt.
454 2577 583 2629 Esto
612 2578 708 2630 hoc
726 2582 975 2648 primum
1003 2579 1399 2650 Argumentum.

353 2658 448 2711 VI.
536 2660 840 2713 Secundum
886 2660 1104 2713 sumitur
1149 2679 1183 2713 a
1227 2662 1433 2713 Natura
1475 2662 1629 2713 Mali
1673 2659 1781 2713 sive
1811 2661 2070 2720 Peccati;

229 2739 369 2809 quod
410 2758 477 2792 ex
519 2741 599 2793 sui
626 2750 815 2796 natura
849 2761 943 2795 nec
986 2749 1080 2805 est,
1124 2744 1178 2794 1⁰
1209 2745 1489 2812 Eliyibile,
1532 2761 1627 2796 nec
1658 2745 1714 2795 2⁰
1752 2744 2074 2796 Ordiuabile

230 2822 300 2874 ad
323 2822 514 2875 bonum
543 2822 714 2887 finem,
760 2827 816 2877 3⁰
857 2843 952 2877 nec
996 2836 1185 2895 aptum
1223 2836 1415 2878 uatum
1444 2843 1510 2878 ex
1548 2843 1604 2878 se
1645 2826 1837 2878 bonum
1865 2824 2077 2894 aliquod

230 2903 532 2974 producere.
604 2909 923 2976 mEliqibile
958 2908 1125 2978 primo
1163 2926 1268 2960 non
1310 2914 1390 2961 est
1429 2926 1495 2960 ex
1523 2907 1603 2960 sui
1632 2914 1836 2970 natura,
1882 2913 1936 2959 et
1972 2924 2076 2975 qua

232 2985 363 3039 tale:
408 3004 564 3056 quum
589 2988 718 3041 nihil
746 2989 814 3042 sit
843 2991 1093 3059 eliyibile,
1118 2991 1257 3060 quod
1284 3008 1388 3042 non
1417 2989 1485 3042 sit
1512 2989 1651 3042 idem
1680 2990 1959 3059 expetibile
1978 3008 1995 3039 :
2024 2995 2078 3041 et

233 3085 384 3121 omne
413 3070 552 3138 quod
579 3071 860 3142 appetitur,
902 3072 996 3124 sub
1025 3072 1226 3125 ratione
1257 3074 1381 3125 boni
1408 3071 1690 3143 appetitur.

286 3217 307 3245 k
331 3219 451 3257 Rom·
468 3232 505 3257 V·
523 3223 587 3259 20·
1199 3241 1353 3264 στασιν
1408 3224 1577 3274 αἱρετὸν
1628 3222 1810 3271 γένοιτο.
1897 3221 2076 3260 Hierocl-

288 3278 299 3306 1
324 3279 478 3317 Contra
494 3282 678 3320 Mendac.
697 3296 786 3332 cap.
804 3285 871 3322 vii.
907 3285 966 3334 [p.
985 3286 1093 3334 456.]
1202 3288 1453 3338 [Comment.
1471 3287 1514 3323 in
1531 3286 1634 3323 Aur.
1654 3285 1788 3322 Carm.
1807 3297 1870 3322 vv.
1890 3286 1950 3330 11,
1969 3283 2052 3334 12.]

286 3349 316 3369 ¹¹¹
341 3343 395 3380 τὸ
420 3345 599 3394 αἰσχρὸν
624 3347 696 3383 οὐκ
720 3346 770 3384 ἄν
782 3361 892 3384 ποτε
910 3347 976 3385 &d
992 3349 1111 3397 περί-

327 3432 369 3473 6.
437 3428 608 3473 Second
628 3430 903 3488 Argument.

326 3500 432 3543 Evil
452 3514 506 3544 or
529 3502 613 3544 Sin
632 3502 670 3545 is
687 3502 871 3546 neither
893 3501 942 3546 1⁰
961 3504 1162 3561 Eligible
1183 3504 1237 3547 of
1252 3504 1383 3547 itself
1392 3520 1404 3555 3
1433 3517 1522 3547 nor
1543 3501 1609 3555 2⁰,
1631 3503 1835 3560 Capable
1855 3505 1910 3548 of
1940 3505 2082 3563 being

239 3570 377 3614 made
397 3571 478 3615 the
500 3586 659 3617 means
677 3577 726 3617 to
747 3587 776 3617 a
795 3574 919 3631 good
939 3574 1056 3627 end3
1078 3588 1165 3618 nor
1186 3572 1247 3628 3⁰,
1261 3575 1338 3619 Fit
1357 3575 1420 3633 by
1435 3575 1494 3619 its
1515 3579 1681 3619 nature
1697 3579 1747 3618 to
1767 3576 1973 3633 produce
1989 3591 2082 3636 any

241 3642 377 3699 good.

316 3710 391 3828 b1⁰
411 3714 509 3757 Not
528 3715 729 3772 Eligible
752 3716 806 3761 of
821 3717 952 3762 itself
959 3733 972 3770 3
993 3716 1070 3762 for
1089 3717 1324 3763 whatever
1344 3718 1382 3762 is
1404 3717 1575 3762 chosen
1594 3716 1669 3762 for
1689 3717 1829 3770 itself,
1849 3719 1886 3762 is
1909 3718 2083 3764 chosen

248 3796 298 3827 as
351 3784 458 3842 eing
480 3786 614 3842 good.
