2482 4166
811 238 1193 283 PRAELEGTIO
1234 239 1433 285 NONA.
1940 235 2045 289 273

207 367 371 439 magis
427 365 791 435 particulare,
857 364 994 434 quod
1058 364 1178 417 huic
1241 371 1416 418 tamen
1465 367 1697 438 generali
1738 368 1881 422 velut
1929 370 2045 423 fun-

207 450 447 503 damento
504 447 718 500 nitatur.
804 446 935 498 Dico
982 445 1158 516 itaque
1207 449 1450 509 secunda
1499 454 1644 501 actus
1683 447 1934 502 virtutum
1991 459 2044 505 et

207 530 466 592 vitiorum,
526 547 683 598 quum
726 528 828 581 sint
874 527 960 580 alii
994 530 1208 581 Interni
1224 548 1244 589 ;
1302 528 1444 598 cujus
1497 529 1704 601 generis
1740 537 1860 583 sunt
1899 538 2044 585 actus

207 611 488 665 voluntatis
524 610 694 672 eliciti,
733 611 889 672 Velle,
931 616 985 663 et
1009 611 1186 671 Nolle,
1227 616 1397 663 motus
1426 610 1717 674 affectuum,
1752 618 1812 665 ut
1841 631 2042 677 amare,

207 695 394 755 odisse,
426 693 617 755 dolere,
649 704 741 746 etc.
762 713 782 754 ;
827 699 880 745 et
921 691 1081 762 siquae
1123 691 1226 744 sint
1259 692 1376 744 aliae
1415 692 1752 764 cogitationes
1791 700 1844 747 et
1878 694 2044 748 inten-

206 775 372 827 tiones
401 774 631 827 cordium
658 781 710 828 et
737 773 954 827 mentis:
999 773 1085 827 alii
1112 776 1364 836 Externi,
1396 774 1678 845 cujusmodi
1711 782 1831 829 sunt
1870 795 2046 830 omnes

208 863 354 910 actus
401 858 698 910 voluntatis
745 855 985 926 imperati
1036 863 1090 909 et
1130 855 1457 910 indeliberati
1503 859 1807 926 Affectuum
1860 866 2044 923 motuS,

210 938 298 1007 qui
326 957 421 1009 per
447 957 659 1007 oryana
688 957 945 1007 corporea
974 944 1310 1000 exercentur3
1354 945 1413 991 ut
1442 940 1636 1003 videre,
1671 942 1831 1010 loqui,
1848 944 2044 1011 ferire,

210 1039 405 1089 rapere
447 1020 638 1089 aliique
672 1019 959 1073 innumeri:
1003 1027 1314 1090 potestatem
1342 1020 1684 1092 legislativam
1715 1023 1851 1076 circa
1893 1035 2049 1078 actus

212 1112 454 1155 externos
512 1102 712 1154 versari
769 1102 948 1164 solum,
1003 1120 1109 1154 non
1164 1102 1288 1155 item
1345 1105 1598 1157 internos,
1684 1106 1866 1159 Potest
1917 1125 2044 1178 ergo

211 1183 492 1254 legislator,
532 1186 830 1254 praecipere
873 1183 1178 1236 solutionem
1235 1184 1413 1248 debiti,
1471 1185 1851 1240 restitutionem
1901 1188 2044 1251 furti,

212 1266 404 1318 cultum
452 1265 554 1318 Dei
607 1272 910 1328 externum3
945 1268 1231 1335 prohibere
1284 1266 1409 1320 item
1454 1267 1666 1332 furtum,
1717 1270 2044 1333 adulterium,

212 1347 554 1411 homicidium,
611 1347 1003 1418 blasphemiam,
1063 1355 1157 1402 etc.
1245 1349 1319 1402 At
1377 1367 1482 1401 non
1531 1357 1703 1421 potest
1747 1355 2048 1422 praecipere

213 1429 537 1482 dilectionem
580 1430 817 1500 proximi,
872 1430 1109 1483 fiduciam
1153 1431 1206 1483 in
1253 1433 1384 1495 De0,
1437 1439 1787 1504 contemptum
1828 1434 2044 1497 mundi;

212 1528 307 1563 nec
328 1513 613 1580 prohibere
642 1512 974 1583 cupiditatem
1012 1512 1091 1564 rei
1128 1512 1327 1576 alienae,
1371 1513 1653 1584 impudicas
1692 1515 2045 1587 cogitationeS,

214 1592 386 1645 odium
416 1593 654 1663 proximi,
686 1593 1010 1646 Atheismum
1049 1594 1232 1648 cordis.
1319 1595 1477 1649 Ratio
1511 1602 1623 1650 est:
1663 1597 1784 1666 quia
1818 1604 2048 1651 statuere

213 1674 278 1727 de
321 1677 530 1727 actibus
575 1678 820 1737 internis,
866 1693 960 1728 nec
997 1677 1279 1746 principio
1314 1695 1379 1730 ex
1416 1695 1534 1748 qu0,
1573 1696 1667 1731 nec
1694 1681 1804 1748 fini
1831 1687 2049 1750 propter

212 1773 363 1826 quem
414 1763 661 1826 operatur
709 1759 1035 1827 Leyislator,
1080 1758 1526 1829 proportionatum
1567 1767 1659 1813 est.
1740 1763 1883 1815 Deus
1913 1763 2049 1815 enim

214 1838 337 1907 Opt.
367 1839 511 1891 Max.
539 1841 744 1892 coeterni
771 1846 974 1893 tantum
1013 1841 1245 1893 hominis
1284 1841 1518 1913 regimen
1560 1842 1897 1914 Magistratui
1933 1862 2050 1915 per-

211 1919 381 1973 misit:
425 1922 758 1973 intcrnorum
801 1932 1021 1974 actuum
1066 1921 1409 1994 cognitionem
1460 1930 1513 1976 et
1554 1923 1821 1993 judicium,
1874 1929 2050 1980 cordi-

212 2021 404 2071 umque
431 2001 798 2072 inspectionem
829 2010 881 2056 et
911 2003 1207 2066 dominium,
1249 2004 1338 2056 uni
1377 2004 1473 2057 sibi
1514 2007 1817 2061 reservavit.
1903 2008 2050 2061 Idem

216 2083 349 2135 enim
377 2090 456 2136 est
484 2086 795 2154 Leyislator
825 2091 879 2137 et
907 2087 1104 2146 Judex,
1148 2091 1208 2138 ut
1237 2104 1302 2138 ex
1338 2086 1548 2139 laudato
1591 2087 1739 2140 nobis
1781 2088 2052 2159 aliquoties

216 2167 414 2217 Jacobi
442 2165 732 2218 testimonio
766 2173 887 2219 ante
916 2166 1261 2220 ostendimus:
1306 2174 1360 2221 et
1399 2168 1603 2221 omnino
1645 2169 1878 2223 inefficax
1919 2180 2054 2225 esset

216 2247 285 2298 ad
314 2246 567 2299 intentum
599 2250 763 2315 finem
799 2266 946 2300 suum
979 2249 1391 2319 consequendum
1423 2251 1775 2319 leyumlativa
1793 2264 2052 2322 potesta&

217 2327 260 2379 si
302 2330 570 2382 directiva
611 2336 813 2382 tantum
857 2337 1006 2393 esset,
1051 2349 1155 2383 non
1196 2330 1319 2384 item
1363 2335 1626 2388 coactiva.
1717 2335 1891 2397 Quum
1927 2354 2054 2408 ergo

166 2423 189 2462 1
217 2427 321 2461 non
374 2409 535 2480 possit
578 2412 851 2480 imprimis
880 2414 1076 2481 forum
1126 2423 1401 2466 externum
1447 2414 1514 2467 de
1564 2418 1777 2470 actibus
1826 2419 2057 2472 internis

162 2503 192 2543 2
219 2508 526 2562 cognoscere
565 2498 619 2545 et
653 2492 888 2562 judicare
916 2513 929 2556 ;
966 2500 1020 2546 et
1057 2494 1271 2547 stultum
1301 2502 1436 2548 esset
1463 2500 1692 2550 secundo
1721 2497 1774 2551 id
1801 2498 1920 2571 lege
1947 2499 2057 2552 lata

206 2575 508 2642 praeciperc
550 2573 632 2626 vel
663 2576 965 2643 prohibere,
1008 2576 1161 2645 quod,
1203 2576 1291 2629 ubi
1325 2585 1593 2647 peccatum
1638 2579 1810 2644 fuerit,
1853 2584 2057 2651 punire

215 2744 339 2787 lator
364 2757 471 2802 may
491 2746 737 2789 command
756 2752 979 2805 payment
1000 2748 1055 2792 of
1073 2762 1102 2792 a
1122 2749 1248 2801 debt,
1270 2750 1479 2794 externa]
1499 2750 1699 2808 worship
1722 2750 1776 2795 of
1793 2751 1923 2805 God3
1950 2766 2059 2811 may

215 2813 424 2871 prohibit
455 2814 591 2868 theft,
612 2816 840 2875 adultery,
862 2818 1111 2871 homicide,
1129 2819 1433 2878 blasphemy:
1466 2821 1554 2865 but
1583 2820 1644 2865 he
1675 2836 1785 2880 may
1819 2828 1904 2867 not
1931 2837 2056 2867 com-

217 2885 358 2927 mand
380 2884 461 2928 the
481 2886 584 2929 love
606 2886 661 2930 of
683 2900 769 2930 our
789 2889 1064 2946 neighbour,
1085 2894 1207 2934 trust
1228 2891 1277 2933 in
1300 2891 1419 2943 Grod,
1440 2896 1682 2949 contempt
1710 2893 1765 2935 of
1785 2893 1867 2936 the
1889 2894 2057 2946 world3

216 2967 304 2998 nor
322 2955 531 3013 prohibit
555 2961 893 3012 covetousness,
912 2960 1077 3004 lustful
1097 2960 1336 3018 thoughts,
1355 2967 1481 3006 want
1501 2962 1556 3006 of
1569 2962 1765 3021 charity,
1787 2963 1987 3007 atheism
2008 2965 2063 3008 of

215 3025 297 3069 the
316 3025 465 3070 heart.

309 3096 411 3139 The
447 3110 613 3140 reason
647 3099 700 3152 is,
726 3098 830 3142 that
861 3101 1071 3144 external
1105 3105 1202 3145 acts
1229 3102 1338 3158 only
1366 3115 1447 3146 are
1470 3101 1558 3145 left
1589 3106 1639 3145 to
1671 3102 1753 3147 the
1781 3103 1985 3161 disposal
2010 3105 2065 3149 of

218 3164 300 3208 the
330 3166 600 3222 magistrate
634 3168 698 3225 by
736 3169 870 3221 G0d3
907 3169 968 3213 he
1001 3170 1085 3214 has
1115 3172 1332 3215 reserved
1369 3176 1419 3215 to
1455 3172 1650 3217 himself
1676 3172 1758 3217 the
1781 3174 2057 3233 knowledge
2127 3230 2130 3233 ἢ

219 3234 313 3277 and
331 3235 580 3292 judgment
601 3236 656 3279 of
674 3238 877 3281 internal
901 3244 1012 3284 acts.
1073 3241 1168 3283 For

312 3303 383 3359 (1)
439 3305 540 3349 The
571 3308 779 3350 externa]
808 3308 966 3353 forum
998 3315 1170 3354 cannot
1195 3311 1305 3356 take
1344 3313 1620 3370 cognizance
1655 3314 1750 3357 and
1787 3328 2057 3372 pronounce

214 3375 459 3432 judgment
481 3378 745 3434 respecting
768 3378 971 3423 internal
990 3389 1101 3425 acts.

314 3439 384 3505 (2)
443 3446 489 3489 It
506 3446 544 3490 is
566 3446 737 3490 absurd
754 3452 803 3492 to
820 3451 1067 3493 command
1088 3450 1181 3494 and
1200 3450 1407 3508 prohibit
1422 3451 1555 3497 when
1571 3467 1664 3512 you
1680 3460 1852 3500 cannot
1867 3457 2051 3514 punish.

309 3511 381 3569 (3)
435 3515 536 3560 The
569 3517 796 3562 direction
827 3520 882 3562 of
906 3522 1116 3565 external
1141 3526 1238 3566 acts
1271 3522 1310 3566 is
1353 3522 1582 3569 sufficient
1617 3524 1692 3569 for
1725 3525 1807 3571 the
1845 3529 2057 3572 external

220 3585 471 3643 happiness
497 3586 551 3630 of
570 3587 651 3632 the
674 3588 822 3633 State.

314 3654 422 3710 (We
444 3670 521 3701 see
545 3657 659 3702 here
690 3659 795 3703 how
828 3662 1040 3719 superior
1059 3662 1097 3706 is
1118 3662 1200 3707 the
1220 3664 1330 3707 Law
1362 3663 1417 3709 of
1449 3663 1554 3710 God
1580 3666 1675 3711 and
1702 3666 1873 3721 Christ,
1893 3672 1943 3713 to
1974 3668 2057 3713 the

221 3726 332 3770 Law
354 3727 408 3771 of
428 3741 549 3771 man.
611 3729 701 3773 See
721 3730 802 3775 the
822 3745 1038 3791 passages
1060 3728 1270 3794 quoted.)

391 3833 598 3907 [SAND.]
1817 3808 1886 3858 18
