2482 4166
772 254 1155 299 PRAELEOTIO
1197 253 1416 298 PRIMA.
1948 248 1973 297 1
1983 249 2017 302 7

138 393 351 460 3potest
391 386 491 439 ista
533 384 703 438 omnia
744 385 932 447 facere,
972 383 1175 438 sublata
1212 402 1316 436 non
1365 387 1551 454 potest.
1652 385 1855 450 Tertio,
1899 385 2019 454 quia

182 468 695 541 contradistinguitur
740 466 1001 538 potentiae,
1064 469 1176 520 Tit.
1206 466 1239 519 i.
1282 468 1370 519 15.
1460 464 1567 519 Ubi
1606 468 1715 524 νοῦς
1757 471 1810 518 et
1849 469 2019 522 συνεί-

182 547 343 614 δησις,
368 554 529 604 Illens
557 557 611 604 et
643 552 1003 611 Conscientia,
1027 555 1209 620 aperte
1239 554 1502 619 ponuntur
1530 555 1589 602 ut
1618 550 1875 625 oppositae
1904 568 2018 619 spe-

182 636 288 688 cies
311 654 328 686 .·
368 633 583 705 proinde
638 651 844 685 necesse
901 638 981 685 est
1013 633 1096 700 (ea
1146 630 1282 684 enim
1337 630 1424 684 lex
1480 638 1560 684 est
1609 633 2018 685 contrariarum

180 717 494 786 specierum)
524 723 582 769 ut
610 717 752 769 idem
781 715 848 768 sit
876 714 1143 785 utriusque
1169 733 1335 784 yenus
1356 734 1376 775 ;
1423 716 1535 773 νοῦς
1562 720 1737 767 autem
1767 716 2019 783 potentia

131 805 279 861 4est,
324 817 450 870 ergo
480 804 534 852 et
571 792 880 864 συνείδησις.
968 797 1210 850 Probant
1247 796 1400 850 etiam
1439 815 1504 849 ex
1536 796 1837 859 abundanti,
1879 797 2019 866 quod

187 883 523 935 Conscientia
567 899 671 933 non
715 880 783 934 sit
822 882 1070 933 Habitus
1089 900 1106 932 .·
1156 886 1268 932 tum
1318 878 1440 949 quia
1489 878 1697 933 videtur
1749 897 1860 932 esse
1910 887 2018 931 tam

181 965 460 1017 Naturale
487 963 695 1026 homini,
727 981 882 1034 quam
915 962 1152 1016 voluntas
1190 968 1244 1014 et
1271 962 1517 1024 affectus3
1561 968 1671 1016 tum
1712 961 1834 1032 quia
1871 979 2020 1032 repe-

182 1046 317 1099 ritur
342 1046 395 1099 in
418 1046 666 1109 omnibu5,
688 1047 843 1099 etiam
864 1046 1114 1116 puerulis
1140 1051 1193 1098 et
1221 1046 1543 1114 infantibus,
1565 1051 1767 1098 naturae
1797 1045 2019 1115 quodam

184 1128 440 1191 instinctu,
469 1129 556 1200 qui
585 1136 758 1182 tamen
786 1147 888 1181 non
919 1128 1161 1181 videntur
1188 1145 1298 1180 esse
1328 1146 1540 1198 capaces
1568 1129 1869 1181 habituum.

311 1213 461 1266 XVI.
538 1211 814 1265 Diversam
851 1218 1026 1265 tamen
1062 1210 1370 1263 sententiam
1408 1217 1620 1263 tuentur
1659 1212 1862 1273 Scotus,
1901 1212 2021 1263 Du-

188 1297 411 1357 randus,
453 1301 506 1347 et
548 1294 635 1347 alii
671 1293 901 1347 nonnulli
930 1312 959 1346 e
987 1292 1337 1346 subtilioribus
1373 1294 1742 1355 Scholasticis,
1783 1293 1921 1363 quod
1949 1310 2019 1346 se.

189 1376 511 1430 Conscientia
540 1376 605 1429 sit
634 1378 878 1430 Habitus
894 1397 914 1438 ;
959 1382 1012 1429 et
1040 1375 1222 1429 nititur
1248 1393 1372 1428 sane
1401 1394 1579 1428 eorum
1611 1374 1869 1428 sententia
1897 1374 2022 1427 rati-

139 1476 161 1516 1
189 1460 370 1513 onibus
397 1477 501 1511 non
527 1458 926 1513 contemnendis,
1001 1460 1221 1519 Prima,
1252 1457 1374 1526 quia
1409 1459 1753 1511 Conscientia
1791 1463 1869 1509 est
1905 1458 2020 1509 Sci-

188 1544 337 1595 entia
365 1541 632 1611 quaedam:
670 1541 808 1593 unde
844 1540 892 1593 ei
919 1539 1275 1594 attribuuntur
1313 1538 1467 1591 iidem
1504 1538 1603 1609 ipsi
1641 1546 1802 1600 actUS,
1853 1541 2019 1601 Scire,

186 1624 425 1684 Nescire,
457 1636 536 1686 &a
624 1624 701 1676 Ut
729 1624 936 1676 Eccles.
969 1621 1054 1676 vii.
1088 1623 1178 1683 22,
1233 1623 1357 1674 Scit
1410 1623 1739 1675 conscientia
1783 1632 1881 1674 tua
1901 1641 1918 1673 .·
1969 1628 2023 1674 et

196 1706 328 1759 Gen.
373 1704 496 1757 xliii.
540 1706 629 1768 22,
676 1706 980 1767 Nescimus,
1037 1706 1160 1774 quis
1210 1707 1507 1774 reposuerit
1556 1705 1849 1774 pecuniam
1904 1723 2023 1758 nos-

189 1799 335 1841 tram
376 1790 437 1840 in
482 1790 658 1841 saccis
695 1789 897 1841 nostris
913 1807 932 1848 ;
990 1786 1079 1840 ubi
1125 1786 1367 1858 vulgatus
1412 1787 1587 1852 habet,
1641 1790 1772 1841 Non
1830 1798 1906 1841 est
1962 1790 2023 1840 in

189 1872 515 1924 conscientia
542 1880 745 1924 nostra.
807 1871 976 1923 Nihil
1002 1871 1140 1922 mihi
1176 1872 1418 1924 conscius
1452 1890 1585 1932 sum,
1616 1869 1784 1940 inquit
1812 1869 2021 1933 PauluS,

192 1955 222 2004 1
262 1955 379 2007 Cor.
410 1952 477 2006 iv.
510 1954 561 2006 4.
602 1952 656 2005 id
696 1958 790 2013 est,
835 1970 937 2004 non
976 1952 1079 2005 scio
1128 1970 1211 2004 me
1261 1952 1434 2022 aliqua
1485 1971 1549 2005 ex
1600 1959 1752 2023 parte
1802 1952 2025 2005 defuisse

191 2035 349 2087 officio
392 2053 521 2088 meo,
601 2034 763 2104 Atqui
806 2035 1050 2088 Scientia
1093 2041 1172 2087 est
1201 2035 1481 2096 Habitus,·
1522 2034 1738 2105 proinde
1785 2041 1839 2088 et
1894 2036 2025 2088 Con-

134 2134 164 2175 2
189 2119 431 2173 scientia.
520 2118 729 2179 Altera,
773 2116 896 2186 quia
934 2135 998 2169 ex
1043 2123 1187 2169 recta
1227 2116 1562 2179 institutione,
1605 2124 1658 2171 et
1696 2135 1833 2170 nova
1866 2117 2025 2170 infor-

191 2199 415 2252 matione
459 2199 542 2253 vel
584 2198 955 2252 illuminatione
1002 2200 1363 2261 Conscientiae,
1404 2199 1558 2252 homo
1608 2199 1668 2253 fit
1711 2201 1916 2254 habilis
1957 2200 2026 2253 ad

190 2281 385 2352 aliquid
427 2281 704 2353 agendum,
748 2281 816 2333 ad
856 2281 994 2350 quod
1029 2299 1132 2333 non
1171 2280 1270 2334 fuit
1312 2288 1434 2334 ante
1463 2283 1704 2336 habilis:
1750 2283 1841 2336 sed
1884 2301 2026 2336 acce-

192 2364 348 2417 dente
376 2363 625 2434 ejusmodi
652 2362 974 2416 institutione
1012 2363 1096 2417 vel
1137 2362 1514 2428 informatione,
1561 2371 1758 2418 certum
1802 2372 1881 2418 est
1922 2384 2027 2418 non

192 2446 487 2518 ingenerari
525 2446 708 2499 animae
746 2462 934 2498 novam
966 2447 1290 2508 Potentiam,
1332 2446 1424 2499 sed
1465 2465 1656 2501 novum
1697 2446 1869 2519 potius
1908 2449 2028 2501 Ha-

169 2697 172 2703 ·
288 2641 508 2700 Thirdly;
545 2642 602 2685 In
633 2641 765 2685 Titus
792 2642 822 2686 i.
850 2646 919 2694 15,
948 2655 1016 2685 we
1046 2641 1174 2694 read,
1205 2641 1231 2662 “
1248 2641 1391 2686 Their
1415 2641 1545 2684 mind
1571 2640 1665 2684 and
1690 2643 1961 2686 conscience
1991 2643 2029 2687 is

192 2712 359 2757 defiled
374 2713 419 2764 ;''
450 2726 553 2757 now
574 2713 724 2765 Mind,
750 2715 859 2766 νοῦς,
879 2713 917 2758 is
938 2727 966 2757 a
986 2714 1179 2765 Power,
1200 2712 1436 2758 therefore
1454 2713 1749 2765 Conscience,
1770 2713 2031 2768 συνείδησις,

190 2786 228 2829 is
247 2798 297 2828 so
318 2789 411 2828 too.

284 2855 542 2914 Fourthly3
575 2855 857 2900 Conscience
878 2856 916 2900 is
941 2861 1026 2900 not
1046 2870 1075 2900 a
1093 2856 1265 2908 Habit3
1292 2856 1368 2900 for
1388 2856 1425 2899 it
1446 2856 1484 2900 is
1509 2856 1711 2907 natural,
1732 2869 1782 2900 as
1803 2856 1915 2899 Will
1935 2857 2029 2900 and

191 2926 444 2971 Affections
475 2941 588 2979 are3
625 2927 718 2970 and
748 2928 786 2971 is
822 2927 969 2972 found
1006 2929 1056 2972 in
1090 2928 1154 2971 all
1185 2942 1300 2972 even
1336 2927 1547 2972 children
1580 2928 1673 2971 and
1703 2927 1893 2979 infants,
1924 2927 2028 2971 who

192 3012 270 3042 are
295 3003 378 3042 not
399 2998 593 3056 capable
614 2998 668 3042 of
684 2998 866 3043 Habits.

280 3070 451 3128 Taylor
471 3068 639 3127 (Chap.
665 3083 697 3113 1.
725 3070 827 3114 Art.
854 3069 917 3123 9),
936 3071 985 3114 in
1018 3070 1114 3115 like
1139 3085 1335 3115 manner
1354 3075 1518 3128 quotes
1540 3071 1674 3114 Titus
1699 3070 1729 3114 i.
1758 3074 1827 3121 15,
1851 3069 1927 3114 for
1947 3069 2029 3114 the

194 3141 462 3185 distinction
481 3141 693 3184 between
712 3142 841 3184 mind
860 3142 954 3185 and
975 3143 1227 3187 conscience.

292 3214 361 3254 16.
440 3211 541 3255 The
567 3216 835 3268 arguments
855 3217 904 3257 to
930 3226 1074 3270 prove
1096 3213 1378 3257 Conscience
1416 3227 1445 3256 a
1469 3213 1615 3256 Habit
1636 3212 1690 3256 of
1711 3212 1793 3255 the
1814 3212 1917 3256 soul
1948 3226 2029 3256 are

194 3281 350 3326 these:

285 3353 438 3405 First3
471 3352 753 3396 Oonscience
777 3353 815 3396 is
843 3366 872 3396 a
899 3353 1015 3396 kind
1039 3355 1093 3398 of
1114 3355 1307 3400 Science
1339 3370 1392 3399 or
1413 3354 1715 3410 Knowledge,
1738 3353 1831 3396 and
1858 3354 2030 3398 Know-

193 3424 330 3482 ledge
351 3424 388 3467 is
414 3438 442 3467 a
467 3424 628 3475 Habit,
655 3423 891 3468 therefore
925 3424 1208 3469 Conscience
1233 3427 1271 3469 is
1307 3440 1335 3469 a
1370 3426 1530 3469 Habit.
1610 3425 1674 3468 So
1701 3424 1828 3468 Eccl.
1853 3425 1929 3469 vii.
1960 3430 2031 3478 22,

194 3495 220 3516 ‘⁶
234 3496 385 3539 Thine
405 3509 508 3539 own
527 3495 663 3539 heart
684 3496 879 3539 knoweth
899 3494 1003 3538 that
1027 3495 1143 3539 thou
1162 3496 1341 3554 thyself
1366 3496 1472 3540 hast
1493 3495 1659 3540 cursed
1685 3494 1843 3540 others
1858 3496 1903 3540 :’'
1935 3497 2030 3541 and

194 3580 273 3611 see
299 3566 378 3611 the
399 3566 535 3610 other
554 3580 770 3624 passages
796 3566 984 3624 quoted.

293 3638 551 3697 Secondly3
581 3639 644 3697 by
679 3638 850 3695 having
877 3638 949 3681 his
974 3638 1256 3682 Conscience
1283 3638 1542 3682 instructed
1573 3651 1626 3682 or
1657 3637 1971 3696 enlightened,
2002 3654 2031 3685 a

194 3721 306 3753 man
324 3708 540 3754 becomes
573 3710 710 3755 fitted
749 3714 799 3755 to
830 3714 907 3754 act
937 3710 1055 3763 well,
1082 3714 1166 3754 not
1203 3709 1374 3768 having
1409 3710 1532 3754 been
1557 3723 1608 3754 so
1629 3709 1821 3763 before3
1857 3711 1944 3755 but
1969 3711 2032 3771 by

284 3828 491 3904 [sAND.]
1746 3793 1780 3842 2
