2482 4166
410 288 514 339 182
743 296 830 339 DE
870 296 1100 342 LEGUM
1142 295 1566 343 HUMANARUM
1604 296 1908 342 MATERIA.

411 423 546 487 exul,
577 424 763 495 hospes
787 425 1228 495 proficisceretur:
1267 425 1369 477 imo
1397 431 1457 478 ut
1474 427 1590 494 filii
1618 428 1899 495 uniyeniti‚
1928 425 1982 477 in
2011 443 2111 496 quo
2139 445 2241 479 uno

410 507 638 577 reposita
665 514 836 560 essent
868 526 973 559 non
1001 507 1170 560 omnia
1202 507 1353 560 modo
1383 507 1566 560 solatia
1602 508 1927 583 subsidiaque
1967 509 2243 562 senectutis

411 608 533 652 suae,
565 589 657 642 sed
686 596 739 642 et
767 607 883 660 spes
913 589 1075 642 omnis
1103 589 1494 660 promissionum
1522 589 1640 651 Dei,
1671 590 1883 660 propria
1910 609 2065 643 manu
2086 590 2242 662 jugu-

411 671 516 724 lum
550 672 787 734 solveret,
833 690 1051 742 eumque
1093 671 1199 723 aris
1246 670 1539 740 impositum
1582 670 1843 724 victimam
1882 673 2092 725 offerret
2134 679 2242 726 tam

410 772 550 807 saeva
584 753 859 824 imperanti
894 755 1025 806 Dec.
1112 754 1276 804 Recte
1305 751 1391 803 ille
1413 751 1636 821 quidem,
1668 759 1722 805 et
1758 759 1817 805 ut
1846 753 2015 806 virum
2052 755 2239 817 decuit,

412 836 500 906 qui
538 836 638 889 dici
672 842 960 888 mereretur
985 836 1233 903 fidelium
1261 843 1441 903 pater,
1480 840 1533 886 et
1568 840 1702 886 esset
1735 834 1973 886 universo
2018 836 2131 888 orbi
2166 836 2241 887 in-

409 936 665 970 concussae
694 918 813 970 fidei
842 916 1257 987 probatissimum
1287 915 1580 986 exemplar3
1626 915 1714 985 qui
1755 934 1809 969 se
1838 915 1940 969 Dei
1968 916 2103 969 dicto
2132 917 2241 970 sine

409 999 731 1052 haesitatione
759 999 1053 1052 audientem
1082 997 1321 1069 praebuit.
1391 998 1489 1051 Ast
1521 1000 1753 1052 hominis
1781 998 2124 1069 cujuscunque
2149 999 2241 1051 im-

408 1088 607 1151 perata,
638 1099 794 1150 quum
824 1081 890 1133 sit
927 1082 1102 1133 errori
1130 1087 1183 1132 et
1206 1090 1430 1149 peccato
1459 1080 1709 1133 obnoxius
1737 1081 1898 1132 omnis
1927 1081 2094 1144 hom0,
2126 1099 2241 1151 pos-

408 1163 575 1232 sitque
605 1162 714 1233 ejus
741 1161 978 1215 voluntas
1004 1180 1114 1215 esse
1140 1180 1320 1232 prava,
1346 1161 1425 1214 fas
1455 1169 1547 1225 est,
1578 1161 1678 1214 imo
1709 1169 1762 1215 et
1790 1162 1878 1215 ubi
1899 1162 2042 1232 justa
2066 1165 2241 1217 subest

407 1244 696 1315 suspicandi
731 1262 898 1306 causa,
934 1262 1062 1315 opus
1091 1251 1185 1308 est,
1224 1243 1446 1296 examini
1485 1243 1750 1314 subjicere.
1830 1244 2085 1297 Monitum
2113 1245 2241 1299 illud

404 1327 654 1396 Apostoli,
686 1329 926 1380 xOmnia
944 1329 1204 1397 probate.-
1235 1329 1376 1397 quod
1405 1330 1596 1380 bonum
1624 1337 1700 1380 est
1728 1329 1961 1389 retinete,
1992 1327 2061 1379 ad
2090 1347 2240 1398 supe-

407 1412 616 1462 riorum
644 1410 788 1480 jussa
826 1428 929 1462 non
963 1409 1130 1462 minus
1158 1409 1356 1472 idonee,
1402 1427 1556 1479 quam
1592 1409 1660 1461 ad
1691 1411 1910 1479 placita
1945 1412 2239 1476 doctorum,

408 1492 474 1543 de
518 1491 701 1560 quibus
744 1499 916 1544 tamen
959 1492 1229 1562 peculiaris
1266 1492 1336 1545 ibi
1373 1509 1539 1544 sermo
1579 1498 1673 1554 est,
1713 1492 2085 1544 accommodari
2119 1493 2240 1562 jure

408 1573 598 1642 optimo
624 1573 829 1643 poterit.
909 1573 1094 1645 Apage
1129 1592 1255 1646 ergo
1285 1570 1785 1648 κατακυριευόντων
1819 1570 2105 1650 ὑπέρογκα
2134 1574 2236 1637 illa,

410 1656 503 1707 Sic
528 1657 658 1717 volo,
689 1658 769 1708 sic
794 1656 969 1723 jubeO.
1057 1655 1241 1727 Apage
1267 1655 1406 1707 illam
1445 1657 1858 1724 Papicolarum,
1890 1675 2004 1709 cum
2033 1664 2239 1726 turpem

407 1738 791 1799 adulationem,
832 1736 918 1806 qui
947 1736 1091 1789 nefas
1130 1738 1323 1790 ducunt
1357 1736 1517 1789 cuivis
1545 1736 1739 1789 homini
1766 1740 1921 1791 Jovis
1948 1740 2036 1790 sui
2074 1740 2238 1792 Late-

405 1821 537 1871 rani
561 1819 717 1871 effata
746 1818 927 1889 quovis
955 1825 1214 1889 praetextu
1243 1817 1547 1871 sollicitare:
1585 1825 1696 1871 tum
1726 1837 1923 1872 coccam
1956 1819 2094 1871 illam
2124 1822 2237 1873 obe-

405 1903 684 1963 dientiam,
723 1917 826 1970 qua
859 1907 978 1954 voto
1012 1918 1067 1953 se
1096 1900 1424 1971 obstringunt
1456 1899 1779 1971 Religionem
1815 1901 2049 1973 ingressi,
2087 1920 2236 1972 supe-

402 1982 625 2035 rioribus
653 1981 731 2035 sui
760 1981 953 2034 ordinis
981 1981 1035 2033 in
1064 1982 1296 2035 omnibus
1321 1989 1374 2035 et
1402 1981 1629 2055 singuliS,
1661 1983 1774 2036 sine
1799 1985 2116 2037 discretione
2145 1984 2236 2051 (sic

404 2064 539 2117 enim
566 2064 867 2134 loquuntur)
898 2063 1122 2117 obedire.

520 2148 674 2198 XIII.
749 2145 1013 2210 Quaeritur
1056 2147 1228 2209 tertio,
1274 2144 1519 2199 Liceatne
1569 2145 1749 2199 saltem
1797 2146 2000 2200 subdito
2057 2151 2236 2202 cedere

391 2229 519 2297 jure
544 2247 639 2281 suo
667 2230 764 2281 hac
794 2247 857 2281 ex
884 2235 1050 2299 parte,
1082 2235 1135 2281 et
1172 2227 1405 2298 quamvis
1447 2247 1551 2281 non
1594 2231 1871 2299 obliqetur,
1916 2229 2020 2301 legi
2061 2236 2235 2283 tamen

402 2311 687 2364 istiusmodi
728 2320 910 2383 sponte
951 2330 1054 2364 sua
1092 2329 1295 2381 parere.
1381 2311 1705 2381 RespondeO,
1745 2330 1812 2364 ne
1857 2313 1956 2364 hoc
1993 2311 2234 2381 yquidem

400 2392 590 2446 licere:
636 2393 755 2463 quia
802 2395 884 2446 lex
922 2395 1032 2445 Dei
1077 2392 1374 2463 simpliciter
1423 2393 1620 2465 obligat
1665 2394 1733 2446 ad
1775 2412 1881 2447 non
1907 2396 2234 2463 faciendum

400 2474 609 2544 aliquod
640 2486 807 2544 turpe,
840 2474 925 2527 vel
950 2476 1223 2527 illicitum.
1310 2475 1510 2544 Injusta
1548 2493 1675 2547 ergo
1712 2475 1813 2538 leX,
1844 2477 2125 2544 (injustam
2159 2475 2234 2527 in-

401 2556 577 2626 tellige
623 2574 683 2608 eo
727 2574 894 2618 sensU‚
941 2555 995 2607 in
1038 2574 1139 2625 quo
1185 2574 1320 2607 nunc
1364 2555 1635 2626 loquimur,
1687 2556 1928 2627 injustam
1972 2576 2034 2611 θα)
2067 2568 2233 2628 parte

401 2639 664 2704 materiae)
708 2656 811 2689 non
853 2643 1024 2706 potest
1065 2639 1210 2689 licite
1252 2640 1466 2690 servari
1487 2657 1504 2690 .·
1550 2638 1671 2707 quia
1718 2657 1820 2692 non
1869 2646 2040 2709 potest
2086 2641 2231 2691 Deus

403 2719 548 2770 licite
582 2720 792 2786 offendi.
884 2717 1140 2786 Quicquid
1176 2717 1311 2769 enim
1353 2720 1457 2787 Zeyi
1494 2721 1620 2781 Dei,
1660 2727 1753 2773 aut
1793 2732 2007 2774 naturoe
2035 2722 2232 2774 lumine

400 2805 538 2851 notae
568 2805 621 2851 et
649 2798 887 2850 cordibus
915 2797 1188 2867 inscriptae,
1219 2805 1310 2850 aut
1337 2798 1390 2849 in
1418 2801 1573 2851 verbo
1606 2803 1807 2869 scripto
1843 2802 2103 2864 revelatae,
2140 2803 2231 2854 ad-

399 2887 653 2942 versatur,
684 2898 788 2931 non
817 2885 895 2932 est
924 2879 989 2931 ob
1028 2879 1368 2948 quodcunque
1407 2880 1491 2932 vel
1529 2883 1903 2934 detrimentum
1945 2883 2227 2952 proprium,

400 2962 484 3016 vel
512 2961 733 3032 proximi
761 2962 1098 3023 scandalum,
1128 2960 1211 3014 vel
1252 2961 1458 3031 praelati
1500 2961 1608 3014 sive
1643 2965 1890 3031 qratiam
1931 2981 2229 3034 promeren-

399 3044 533 3106 dam,
564 3044 672 3098 sive
702 3043 1059 3097 declinandum
1095 3045 1294 3106 odium,
1340 3043 1452 3097 viro
1499 3043 1792 3097 Christiano
1835 3044 2225 3099 admittendum.

445 3234 465 3255 Χ
492 3230 513 3265 1
535 3228 672 3266 Thess.
695 3240 780 3277 cap.
795 3241 831 3266 v.
849 3240 951 3268 verS.
966 3230 1024 3268 21.
1353 3230 1412 3267 sic
1442 3242 1510 3267 nec
1542 3229 1649 3267 licite
1680 3233 1843 3277 possunt
1861 3229 1972 3278 fieri.
2035 3228 2228 3267 Bernard.

444 3297 461 3324 y
486 3291 605 3328 Pura
616 3291 791 3338 mala,ut
806 3291 1120 3340 nunquamy'uste
1127 3291 1276 3339 juberi,
1353 3292 1486 3341 Epist.
1503 3292 1566 3329 vii.
1589 3291 1721 3341 [Opp.
1743 3292 1859 3330 Tom.
1879 3292 1914 3329 Ι.
1932 3302 1974 3338 p.
1988 3291 2050 3329 46.
2066 3290 2129 3339 c.]

484 3420 554 3460 13.
623 3418 767 3461 Third
789 3418 1011 3472 Question.
1074 3419 1120 3463 Is
1142 3420 1193 3472 it,
1214 3421 1263 3463 in
1288 3421 1402 3465 such
1427 3435 1455 3464 a
1482 3435 1603 3473 case,
1628 3419 1867 3464 allowable
1894 3423 1943 3462 to
1972 3418 2116 3462 waive
2141 3431 2227 3461 our

393 3486 554 3544 rights,
579 3488 672 3531 and
698 3489 758 3533 do
784 3491 1146 3548 spontaneously
1170 3491 1294 3535 what
1319 3492 1356 3535 is
1379 3506 1428 3535 so
1456 3490 1794 3536 commanded?

484 3558 572 3601 We
599 3572 788 3612 answer,
818 3561 867 3603 N
869 3574 921 3613 ος
966 3561 1059 3605 this
1090 3562 1128 3605 is
1165 3567 1249 3606 not
1277 3562 1533 3607 allowable.
1596 3563 1691 3605 For
1721 3560 1803 3604 the
1835 3560 1943 3602 Law
1974 3558 2028 3602 of
2055 3558 2159 3602 God
2185 3558 2224 3602 is

393 3626 604 3672 absolute
637 3630 731 3672 and
765 3631 934 3675 admits
972 3632 1027 3675 of
1061 3646 1123 3675 no
1170 3634 1429 3691 exception.
1530 3633 1592 3676 So
1632 3631 1713 3676 the
1753 3629 1986 3673 Christian
2019 3630 2221 3687 Martyrs

387 3696 591 3806 jgdged:
643 3701 735 3743 and
774 3715 825 3745 so
861 3702 943 3746 the
982 3703 1201 3761 apostIes,
1231 3704 1325 3748 and
1354 3704 1437 3748 the
1466 3702 1640 3748 Jewish
1669 3706 1882 3760 martyrs‚
1911 3700 2023 3744 Acts
2055 3700 2113 3743 iv.
2151 3704 2222 3750 29,

443 3779 514 3809 an.
540 3768 604 3810 iii.
636 3773 703 3811 18.
