2482 4166
785 244 1168 290 PRAELEOTIO
1211 244 1479 290 OCTAVA.
1951 238 2053 289 259

215 373 353 426 inter
401 390 456 425 se
506 371 741 425 conferre
787 378 936 425 vacat
974 378 1029 425 et
1072 371 1198 425 libet
1217 391 1230 434 ;
1275 378 1335 425 ut
1376 389 1480 424 non
1519 370 1586 425 sit
1623 370 1770 425 nobis
1809 390 1937 443 opus
1971 374 2054 426 his

215 454 527 526 explicandis
556 453 745 507 diutius
773 453 1051 507 immorari.

167 551 189 592 1
333 537 454 590 XX.
532 536 637 590 Sed
674 535 886 590 instabit
923 536 1092 589 adhuc
1126 534 1359 589 fortassis
1393 535 1679 607 quispiam:
1716 537 1918 605 primo,
1950 555 2052 590 non

214 636 363 690 posse
393 637 683 689 quenquam
710 618 928 691 obligari
957 621 1034 672 ad
1049 638 1287 690 poenam,
1333 619 1457 689 quin
1490 618 1748 691 obligetur
1787 617 1942 671 etiam
1977 619 2056 672 ad

215 702 470 770 culpam.-
530 700 651 771 quia
697 719 802 753 non
848 707 1019 772 potest
1060 701 1200 772 juste
1251 699 1402 753 alicui
1443 720 1612 770 parma
1658 699 1900 772 irrogari,
1957 701 2055 753 nisi

215 790 433 854 propter
462 783 851 836 antecedentem
882 785 1115 854 culpam,
1152 783 1306 853 juxta
1348 783 1475 836 illud
1505 782 1799 855 Augustini,
1836 784 2056 837 ⁰Omnis

163 878 375 935 Qpoena
415 867 466 919 si
499 867 654 934 justa
693 876 784 928 est,
822 868 1039 936 pcccati
1074 884 1242 938 poena
1273 875 1363 918 est.
1449 867 1706 928 SecundO,
1752 865 1818 918 de
1854 866 2058 919 ratione

214 947 346 1018 legis
392 966 519 1010 esse,
567 954 626 1000 ut
671 947 866 1016 aliquid
909 950 1248 1017 praecipiat:
1291 965 1418 1019 ergo
1477 950 1638 1018 leyem
1694 947 1850 1011 illam,
1899 967 2055 1018 quam

214 1028 429 1081 dicimus
447 1048 590 1099 pure
611 1031 895 1099 poenalem,
927 1036 1019 1082 aut
1047 1048 1150 1081 non
1178 1029 1372 1082 habere
1396 1029 1650 1083 rationem
1683 1032 1827 1099 ἱερὰς,
1857 1030 1899 1084 si
1927 1031 2055 1084 nihil

212 1111 513 1182 praecipiat3
548 1119 640 1165 aut
668 1111 711 1163 si
738 1112 998 1164 contineat
1026 1111 1078 1163 in
1106 1130 1160 1164 se
1186 1112 1368 1165 saltem
1392 1112 1637 1183 implicite
1662 1113 1883 1182 aliquam
1904 1133 2052 1184 prce-

213 1196 517 1262 ceptionem,
577 1194 809 1265 obligare
866 1200 919 1246 et
974 1196 1050 1246 ad
1107 1196 1362 1264 culpam:
1413 1213 1528 1247 cum
1582 1194 1649 1248 sit
1706 1196 1870 1264 culpa
1926 1195 2053 1248 nihil

212 1274 369 1338 aliud,
415 1295 566 1346 quam
585 1277 750 1345 justae
768 1278 1151 1346 praeceptionis
1181 1279 1537 1346 transyressio
1566 1276 1675 1330 sive
1703 1277 1926 1331 violatio,

341 1359 492 1410 XXI.
580 1359 664 1411 Ad
694 1358 837 1429 prius
866 1360 1122 1427 objectum
1150 1358 1292 1412 varie
1320 1359 1624 1429 responderi
1653 1366 1838 1430 potest.
1908 1361 2050 1414 Vere

214 1439 349 1493 enim
379 1440 478 1493 dici
505 1447 676 1511 potest
694 1443 895 1511 prime,
922 1442 1153 1495 Poenam
1182 1441 1389 1512 quidem
1418 1452 1689 1504 aeternam,
1720 1441 1772 1494 in
1802 1449 2051 1512 quantum

212 1522 495 1593 perfectam
525 1524 684 1577 habet
712 1541 877 1594 poenae
912 1523 1181 1586 rationem,
1227 1542 1321 1576 nec
1356 1530 1526 1594 potest
1554 1523 1707 1577 aliter
1736 1523 2051 1576 considerari

211 1604 309 1656 nisi
337 1607 433 1658 sub
462 1607 672 1658 ratione
690 1624 880 1675 paenae,
900 1612 1178 1675 propterea
1199 1605 1484 1658 necessario
1513 1623 1803 1676 supponere
1833 1607 2051 1675 culpam

210 1685 432 1756 aliquam
484 1687 873 1739 antecedentem
918 1705 1035 1756 quae
1089 1705 1201 1740 eam
1258 1687 1544 1757 promerita
1593 1688 1676 1750 sit,
1736 1694 1789 1741 et
1832 1695 2049 1758 propter

210 1785 380 1837 quam,
431 1768 540 1821 sine
586 1769 689 1822 ullo
735 1769 835 1821 alio
873 1775 1128 1839 respectu,
1170 1769 1258 1838 qui
1296 1771 1468 1838 culpae
1506 1788 1625 1822 reus
1661 1776 1753 1832 est,
1801 1788 1863 1823 ea
1883 1790 2050 1841 poena

208 1850 460 1904 afficitur:
505 1858 561 1904 at
590 1871 766 1921 poenae
804 1853 1133 1921 spiritualis,
1172 1859 1282 1905 tum
1313 1851 1468 1904 etiam
1498 1852 1658 1904 multo
1689 1851 1855 1922 magis
1875 1872 2050 1921 poenae

211 1935 536 2002 temporalis,
567 1952 670 1986 non
700 1952 809 1986 esse
839 1934 1055 1985 eandem
1085 1951 1179 2003 per
1210 1933 1379 1985 omnia
1407 1933 1674 1987 rationem.
1755 1934 1870 1985 Etsi
1913 1933 2049 1986 enim

209 2022 465 2085 supponat
506 2022 728 2085 utraque
779 2021 1033 2083 quatenus
1066 2033 1234 2083 poena
1278 2021 1355 2066 est
1397 2014 1787 2067 antecedentem
1826 2015 2050 2085 aliquam

211 2098 428 2166 culpam
455 2097 547 2150 tali
567 2116 735 2167 poena
762 2096 973 2167 dignam
1003 2096 1150 2163 (alias
1180 2095 1357 2164 utique
1386 2114 1489 2148 non
1519 2103 1654 2149 esset
1669 2099 1826 2166 justa
1845 2100 1884 2167 t)
1929 2098 2050 2168 quia

209 2184 384 2230 tamen
431 2185 603 2248 potest
651 2185 873 2247 utraque
919 2177 1071 2230 aliter
1121 2177 1433 2230 considerari
1485 2196 1640 2248 quam
1689 2181 1787 2232 sub
1836 2183 2050 2233 ratione

200 2278 391 2328 poenae,
433 2277 528 2330 per
568 2267 857 2330 respectum
902 2259 1092 2311 scilicet
1129 2259 1198 2311 ad
1225 2261 1391 2327 finem
1426 2278 1458 2311 a
1495 2260 1739 2330 puniente
1778 2261 2046 2326 intentam,

211 2342 328 2409 (hoc
364 2349 457 2404 est,
498 2349 751 2412 quatenus
794 2341 1063 2394 ordinatur
1101 2359 1203 2393 non
1239 2349 1346 2394 tam
1392 2341 1460 2394 ad
1503 2344 1897 2396 vindicandam
1940 2346 2050 2397 cul-

198 2443 339 2493 pam
382 2424 716 2494 praeteritam,
756 2441 910 2493 quam
946 2423 1015 2476 ad
1059 2425 1459 2493 impediendam
1499 2426 1717 2495 culpam
1757 2425 2045 2491 futuram3)

208 2505 328 2558 inde
368 2506 441 2569 fit,
486 2513 545 2559 ut
578 2525 673 2559 nec
719 2508 878 2568 DeUS,
923 2524 1036 2558 cum
1081 2505 1341 2558 hominem
1382 2525 1560 2575 poena,
1608 2507 1718 2561 sive
1759 2509 2050 2577 spirituali

209 2587 318 2640 sive
350 2590 635 2658 temporali
672 2588 868 2660 affligit,
913 2606 1006 2640 nec
1050 2588 1218 2649 homo,
1260 2606 1375 2640 cum
1422 2588 1679 2642 hominem
1717 2608 1884 2659 poena
1924 2601 2049 2642 tem-

198 2672 393 2739 porali
440 2670 608 2734 afficit,
657 2688 859 2741 semper
903 2688 1081 2722 eorum
1111 2681 1342 2739 peccata
1382 2677 1473 2724 aut
1518 2673 1710 2741 culpas
1751 2671 2045 2742 respiciant,

260 2856 279 2875 ⁰
304 2850 521 2899 Augustin.
541 2849 765 2889 Retractat.
785 2851 873 2889 Lib.
893 2863 922 2889 1.
941 2863 1028 2901 cap.
1047 2853 1099 2890 ix,
1121 2851 1166 2902 [ξ
1187 2854 1223 2891 5.
1245 2853 1353 2901 Opp.
1374 2853 1489 2890 Tom.
1506 2864 1537 2890 1.
1553 2864 1593 2901 p.
1612 2854 1670 2890 13.
1685 2863 1727 2888 Ι).
1747 2851 1809 2890 ed.
1828 2851 2004 2900 Bened.]

301 2968 372 3008 20.
437 2965 546 3008 Two
569 2964 755 3009 further
777 2964 1047 3021 Objections
1074 2978 1182 3022 may
1202 2965 1262 3009 be
1284 2964 1572 3010 considered.

301 3036 455 3084 First;
493 3036 569 3079 No
596 3049 685 3079 one
707 3049 795 3078 can
814 3036 873 3078 be
894 3035 1055 3078 bound
1081 3035 1231 3078 under
1254 3035 1571 3092 punishment,
1599 3038 1764 3091 except
1786 3032 1847 3077 he
1865 3032 1925 3077 be
1947 3034 2045 3078 also

208 3104 369 3147 bound
389 3105 539 3148 under
556 3106 678 3148 fault
685 3122 698 3157 3
736 3105 813 3148 for
831 3105 1132 3161 punishment
1151 3105 1334 3161 implies
1353 3105 1489 3148 fault.

304 3174 475 3218 Second
486 3191 503 3223 ‚·
541 3175 587 3217 It
605 3175 798 3231 belongs
825 3179 875 3217 to
907 3174 989 3217 the
1008 3174 1211 3217 Essence
1231 3175 1286 3218 of
1309 3188 1338 3217 a
1357 3175 1470 3217 Law
1495 3178 1545 3217 to
1567 3172 1840 3226 command3
1871 3187 1921 3218 so
1942 3173 2047 3218 that

211 3244 335 3288 what
364 3258 432 3287 we
464 3243 582 3287 have
613 3244 764 3288 called
793 3258 822 3287 a
857 3244 1023 3301 purely
1052 3244 1202 3288 Penal
1230 3245 1355 3297 Law,
1393 3244 1544 3288 either
1580 3244 1618 3288 is
1647 3248 1731 3287 not
1766 3245 1986 3301 properly
2018 3259 2047 3288 a

210 3315 346 3367 Law3
379 3328 432 3358 or
456 3314 498 3357 if
519 3315 557 3357 it
582 3314 769 3358 contain
797 3315 846 3357 in
876 3314 913 3357 it
937 3314 1183 3372 implicitly
1207 3328 1335 3359 some
1361 3314 1621 3367 command,
1645 3313 1843 3372 thereby
1868 3315 2046 3372 obliges

211 3386 362 3429 under
384 3385 518 3428 fault.

303 3459 372 3498 21.
435 3456 503 3499 To
529 3454 621 3499 this
645 3468 713 3499 we
739 3455 884 3513 reply,
910 3456 1051 3506 First,
1081 3454 1186 3499 that
1216 3456 1395 3499 eternal
1415 3454 1718 3514 punishment
1738 3455 1850 3500 does
1874 3451 2053 3512 indeed,

211 3526 357 3584 imply
383 3525 533 3577 fault3
575 3526 662 3569 but
694 3526 798 3569 that
824 3526 1036 3583 spiritual
1068 3539 1121 3569 or
1150 3527 1382 3584 temporal
1415 3526 1716 3584 punishment
1746 3527 1955 3571 inflicted
1984 3527 2048 3584 by

214 3597 333 3649 God,
358 3597 450 3640 and
470 3597 701 3654 tempora]
724 3596 1028 3654 punishment
1052 3597 1260 3640 inflicted
1284 3597 1346 3654 by
1366 3611 1490 3648 man,
1515 3597 1627 3641 does
1658 3602 1743 3641 not
1766 3599 2046 3655 necessarily
2108 3592 2111 3595 ⁴

212 3668 359 3725 imply
385 3667 518 3720 fault,
547 3667 634 3711 but
665 3681 774 3726 may
803 3668 862 3712 be
895 3667 1104 3712 inflicted
1131 3668 1207 3712 for
1230 3681 1359 3713 some
1385 3669 1602 3712 different
1629 3668 1746 3721 end3
1784 3682 1849 3722 as,
1869 3673 1919 3713 to
1940 3683 2045 3728 pre-

212 3744 323 3784 vent
343 3739 500 3783 future
520 3738 655 3792 fault,
677 3752 731 3783 or
755 3743 805 3783 to
831 3738 955 3784 shew
975 3739 1058 3784 the
1079 3739 1207 3783 work
1228 3739 1283 3784 of
1304 3738 1424 3792 God‚
1444 3738 1571 3784 John
1591 3740 1651 3783 ix.
1678 3744 1719 3785 3.

1691 3819 1878 3878 17-2
