2482 4166
758 244 1142 289 PRAELnon
1187 244 1500 290 SECUNDA.
1979 237 2051 294 37

214 390 348 428 nunc
375 370 567 426 vivitur
589 369 815 424 moribus
835 370 1285 442 pernecessariam,
1318 370 1361 423 si
1392 381 1497 424 tres
1523 369 1649 424 istas
1671 371 2049 444 vulgatissimas

214 451 537 530 προφάσεις,
568 471 601 506 a
637 453 822 523 quibus
857 460 936 506 tot
966 455 1302 506 conscientiis
1342 452 1764 523 periculosissime
1797 454 2044 518 illuditur,

213 537 278 590 de
306 536 473 589 medio
502 535 759 589 sublatum
797 534 940 588 irem.
1028 536 1126 588 Est
1151 553 1277 607 ergo
1315 542 1437 588 ante
1467 536 1854 598 ostendendum,
1892 554 2046 606 quam

210 618 279 672 ad
311 618 658 690 indagandam
687 634 865 670 veram
901 623 953 670 et
991 616 1253 687 propriam
1294 619 1645 671 Conscientiae
1680 620 1925 687 requlam
1960 619 2047 671 de-

211 700 500 763 scendatur,
531 718 634 752 non
664 718 774 752 esse
803 699 856 751 in
883 718 942 752 re
970 699 1143 769 aliqua
1170 699 1405 752 facienda
1433 700 1501 752 ad
1528 703 1877 754 Conscientiae
1905 719 2048 753 secu-

210 782 418 836 ritatem
457 782 581 835 satis
610 781 849 852 praesidii,
890 781 933 834 si
968 781 1022 834 id
1052 782 1190 851 quod
1225 781 1284 834 fit
1311 788 1403 834 aut
1443 784 1581 834 bona
1620 785 1909 836 intentione
1937 782 2044 848 fiat,

209 872 300 918 aut
328 864 426 918 viri
451 864 662 934 alicujus
683 864 881 917 nitatur
909 864 993 917 vel
1010 867 1106 933 pii
1134 866 1383 934 eoeemplo,
1416 864 1496 917 vel
1517 867 1663 918 docti
1679 867 1907 934 judicia
1964 866 2047 918 De

209 946 418 1017 reliquis
447 946 643 1015 duabus
669 946 732 1015 (si
761 948 905 998 Deus
934 946 1260 1015 concesserit)
1291 948 1502 1016 posthac
1542 946 1830 1001 videbitur:
1878 947 1943 1000 de
1984 966 2045 1000 ea

210 1047 325 1100 quae
362 1028 527 1099 primo
553 1029 662 1081 loco
692 1028 930 1091 occurrit,
962 1031 1124 1081 Bona
1149 1047 1216 1081 sc.
1255 1032 1569 1092 Intentione,
1600 1049 1735 1082 nunc
1766 1030 2045 1102 agendum.

334 1112 429 1166 IV.
519 1111 625 1164 Ubi
653 1130 786 1182 pono
815 1112 948 1164 hanc
974 1111 1358 1165 conclusionem.
1447 1114 1538 1164 Ad
1573 1114 1860 1166 bonitatem
1891 1124 2045 1166 actus

211 1212 315 1247 non
342 1196 534 1264 sufficit
565 1196 776 1248 bonitas
814 1196 1139 1247 intentionis.
1229 1195 1343 1246 Hoc
1370 1200 1463 1257 est,
1502 1197 1737 1248 Intentio
1768 1197 1906 1248 bona
1942 1214 2045 1247 non

211 1283 383 1347 potest
425 1276 532 1329 sola
575 1283 627 1329 et
664 1295 759 1347 per
801 1294 857 1329 se
899 1277 1112 1338 efficere,
1158 1282 1217 1329 ut
1248 1278 1420 1330 Actus
1463 1276 1645 1346 aliquis
1687 1277 1940 1330 humanus
1978 1277 2046 1330 sit

212 1360 492 1412 moraliter
522 1360 713 1412 bonus:
740 1358 823 1412 vel
852 1359 988 1428 quod
1017 1358 1154 1411 idem
1183 1365 1277 1421 est,
1306 1365 1359 1411 et
1387 1365 1507 1412 sunt
1530 1358 1782 1429 ipsissima
1810 1359 2046 1430 Apostoli

213 1441 406 1493 verba:
445 1443 574 1493 Non
601 1451 725 1494 sunt
742 1443 1016 1511 facienda
1046 1442 1214 1503 mala,
1252 1451 1313 1493 ut
1343 1443 1589 1493 eveniant
1629 1442 1782 1493 bona.
1854 1441 2044 1493 Actum

211 1540 325 1574 cum
364 1522 494 1584 dico,
525 1521 757 1594 intelligo
795 1529 904 1575 tum
934 1524 1242 1575 interiorem
1277 1523 1475 1574 Actum
1510 1521 1599 1591 qui
1638 1528 1717 1574 est
1744 1524 1805 1574 in
1852 1524 2047 1576 Volun-

212 1613 336 1664 tate,
368 1609 478 1656 tum
505 1606 789 1657 exteriores
818 1621 992 1655 omnes
1017 1603 1136 1656 inde
1164 1603 1494 1673 profluenteS,
1518 1603 1607 1673 qui
1636 1610 1757 1656 sunt
1784 1604 1836 1655 in
1850 1607 2045 1673 facul-

212 1687 416 1738 tatibus
444 1688 731 1739 executivis
748 1705 767 1738 .·
805 1692 864 1738 ut
891 1685 958 1738 sit
995 1703 1188 1747 sensuS,
1220 1703 1285 1737 ex
1312 1685 1419 1738 sola
1451 1687 1589 1739 bona
1617 1688 1913 1740 intentione
1941 1705 2045 1740 non

208 1767 368 1837 sequi,
426 1774 518 1820 aut
570 1769 896 1821 voluntatem
944 1766 1124 1837 ipsam,
1170 1785 1286 1837 quae
1334 1776 1412 1821 est
1461 1768 1682 1838 primum
1739 1768 2044 1839 principium

118 1922 125 1927 ¹
206 1849 415 1922 agendi,
462 1856 554 1903 aut
591 1869 723 1920 opus
764 1849 972 1920 aliquod
1011 1860 1284 1903 eoeternum
1334 1849 1455 1902 inde
1501 1850 1783 1915 dimananS‚
1831 1851 2048 1905 dicenda

208 1951 320 1986 esse
372 1935 524 1987 bona.
612 1934 846 1986 Intentio
894 1938 1067 1985 autem
1110 1951 1224 1984 cum
1282 1932 1555 2003 dupliciter
1590 1941 1838 1997 sumatur,
1880 1934 2045 2004 primo

209 2018 449 2086 Proprie
491 2025 540 2068 et
579 2016 913 2068 Formaliter
950 2032 1046 2085 pro
1089 2016 1229 2068 Actu
1264 2017 1593 2076 intendendi,
1622 2015 1654 2067 i.
1677 2034 1719 2068 e.
1765 2035 1862 2086 pro
1904 2023 2047 2069 motu

209 2097 487 2152 voluntatis
521 2097 780 2150 tendentis
817 2096 871 2148 in
900 2096 1052 2149 finem
1082 2114 1176 2166 per
1215 2097 1387 2166 aliqua
1418 2097 1617 2159 media3
1663 2099 1885 2151 secundo
1916 2101 2047 2151 Ma-

212 2182 479 2234 terialiter
518 2190 567 2233 et
604 2181 883 2247 Objective,
929 2196 1024 2248 pro
1061 2198 1120 2231 re
1162 2180 1289 2247 ipsa
1317 2180 1543 2241 intenta,
1587 2179 1619 2232 i.
1642 2197 1685 2233 e.
1726 2199 1822 2251 pro
1858 2181 1960 2233 fine
1988 2181 2043 2233 in

209 2280 362 2332 quem
404 2261 476 2314 sic
508 2261 676 2314 tendit
706 2260 973 2315 voluntas:
1021 2267 1296 2330 utramque
1334 2260 1567 2333 intelligo
1610 2261 1664 2313 in
1693 2262 2043 2316 Conclusione.

210 2346 379 2398 Actus
404 2343 538 2396 enim
565 2342 881 2404 intendendi,
910 2348 963 2394 et
994 2345 1128 2411 finis
1157 2342 1400 2406 intentUS,
1440 2343 1637 2414 pariter
1665 2363 1719 2397 se
1747 2345 1942 2397 habent
1980 2346 2048 2398 ad

209 2425 494 2479 bonitatem
523 2432 576 2479 et
604 2424 851 2478 malitiam
879 2426 1050 2478 Actus
1064 2444 1084 2486 ,·
1128 2424 1309 2477 saltem
1339 2426 1477 2495 quod
1518 2426 1586 2478 ad
1615 2429 1937 2496 qualitatem
1965 2430 2050 2497 ip-

209 2511 325 2562 sius
353 2519 508 2562 actus
533 2507 793 2579 pertinet:
835 2525 955 2559 nam
984 2509 1345 2576 quantitatem
1374 2507 1619 2561 bonitatis
1647 2516 1738 2562 aut
1766 2509 1975 2562 malitiae
2005 2510 2049 2562 si

209 2597 513 2661 spectemuS,
550 2608 654 2642 non
683 2595 762 2642 est
786 2607 880 2659 per
919 2588 1089 2641 omnia
1127 2589 1308 2642 eadem
1340 2588 1610 2659 utriusque
1638 2590 1788 2644 ratio.
1871 2592 2048 2645 Posito

209 2672 345 2726 enim
387 2672 527 2743 quod
554 2671 737 2742 aliquis
771 2673 943 2725 Actus
982 2670 1049 2724 sit
1077 2671 1142 2724 de
1182 2671 1351 2741 specie
1386 2689 1480 2725 sua
1519 2679 1572 2726 et
1605 2672 1806 2727 ratione
1844 2674 2050 2745 Objecti

296 2868 343 2906 4.
407 2862 508 2907 The
528 2863 738 2908 doctrine
767 2863 919 2908 which
949 2877 1017 2908 we
1037 2863 1156 2908 have
1176 2863 1290 2908 here
1316 2869 1365 2908 to
1387 2862 1608 2908 establish
1629 2863 1680 2916 is,
1707 2862 1810 2907 that
1830 2863 1953 2921 good
1974 2865 2051 2907 In-

209 2935 392 2980 tention
412 2939 598 2987 cannot,
616 2935 752 2979 alone
773 2936 867 2979 and
888 2935 942 2980 of
961 2935 1102 2987 itself,
1122 2936 1260 2979 make
1280 2950 1342 2979 an
1361 2935 1451 2979 Act
1475 2939 1526 2979 to
1551 2935 1610 2978 be
1631 2935 1829 2992 morally
1852 2936 1990 2992 good.

301 3005 413 3050 This
434 3006 472 3050 is
492 3006 573 3050 the
594 3020 721 3050 same
742 3020 791 3051 as
816 3006 898 3050 the
918 3006 1149 3064 Apostle’s
1171 3007 1395 3059 doctrine,
1415 3007 1552 3050 Rom.
1577 3006 1641 3050 iii.
1668 3010 1695 3049 8
1713 3022 1722 3050 ε
1756 3005 1860 3049 that
1881 3019 1948 3049 we
1969 3019 2050 3049 are

207 3080 294 3121 not
313 3080 362 3121 to
383 3077 444 3120 do
469 3077 561 3121 evil
580 3076 685 3121 that
709 3078 833 3135 good
853 3092 961 3136 may
982 3091 1129 3121 come.

302 3148 374 3204 By
398 3146 479 3191 the
504 3146 607 3199 Act,
630 3162 699 3192 we
731 3162 884 3201 mean,
911 3148 1028 3192 both
1053 3148 1135 3193 the
1167 3149 1371 3193 internal
1397 3148 1486 3192 Act
1512 3148 1567 3192 of
1591 3147 1673 3192 the
1693 3147 1818 3199 Will,
1844 3146 1937 3189 and
1968 3146 2050 3191 the

212 3217 422 3260 external
441 3217 552 3260 Acts
572 3218 636 3274 by
655 3218 805 3262 which
836 3219 874 3262 it
904 3220 943 3263 is
977 3220 1155 3263 carried
1177 3221 1276 3263 into
1299 3219 1451 3264 effect.
1511 3219 1620 3262 And
1647 3232 1734 3262 our
1761 3218 2052 3275 proposition

212 3287 265 3338 is,
284 3286 389 3330 that
413 3286 495 3330 the
521 3287 748 3345 goodness
770 3289 825 3331 of
840 3289 921 3333 the
946 3290 1187 3334 Intention
1209 3291 1320 3335 does
1340 3294 1425 3333 not
1446 3291 1602 3333 suffice
1622 3289 1697 3333 for
1716 3288 1797 3332 the
1821 3288 2051 3345 goodness

213 3356 366 3402 either
390 3357 445 3401 of
467 3357 549 3401 the
569 3358 681 3401 Will
702 3371 755 3402 or
776 3359 830 3402 of
850 3359 933 3403 the
954 3361 1164 3403 external
1191 3361 1316 3405 Acts.

309 3429 551 3472 Intention
584 3429 623 3473 is
657 3428 801 3472 taken
832 3430 882 3472 in
911 3434 1001 3473 two
1034 3444 1212 3482 senses3
1241 3431 1324 3475 the
1356 3430 1446 3475 Act
1473 3430 1527 3474 of
1551 3429 1811 3487 intending,
1844 3430 1938 3473 and
1969 3430 2051 3474 the

215 3498 368 3557 Thing
388 3499 627 3544 intended.
670 3500 821 3558 These
842 3504 933 3543 two
957 3500 1077 3544 have
1097 3501 1179 3544 the
1205 3515 1331 3545 same
1350 3501 1545 3557 bearing
1570 3514 1696 3558 upon
1718 3500 1798 3545 the
1822 3502 2051 3558 goodness

216 3584 269 3613 or
286 3570 486 3614 badness
516 3570 570 3614 of
592 3585 653 3614 an
678 3576 754 3615 act
769 3587 781 3623 3
813 3576 862 3615 at
882 3571 1001 3615 least
1032 3585 1083 3615 as
1110 3571 1183 3614 far
1208 3586 1258 3615 as
1278 3572 1468 3629 regards
1499 3572 1558 3615 its
1584 3572 1756 3629 quality
1777 3586 1826 3616 as
1851 3573 1974 3630 good
1999 3587 2053 3618 or

214 3641 322 3693 bad,
340 3641 519 3699 though
540 3646 623 3686 not
644 3643 826 3700 exactly
850 3656 899 3686 as
920 3646 970 3686 to
992 3642 1073 3686 the
1098 3643 1305 3700 quantity
1330 3642 1384 3686 of
1404 3643 1631 3700 goodness
1653 3656 1706 3687 or
1724 3643 1938 3689 badness.

306 3711 435 3757 Thus
456 3713 498 3757 if
513 3713 594 3757 the
619 3718 696 3758 act
719 3714 779 3757 be
800 3713 924 3771 good
945 3713 1038 3757 and
1063 3714 1185 3758 done
1211 3714 1286 3758 for
1310 3728 1339 3758 a
1363 3714 1486 3772 good
1510 3714 1617 3769 end,
1653 3728 1707 3759 or
1737 3714 1780 3759 if
1807 3715 1845 3760 it
1869 3715 1929 3760 be
1958 3715 2053 3760 bad
