2482 4166
449 267 555 318 324

497 399 693 436 rationem
740 399 829 436 finis
877 402 1233 438 transcendentalis
1278 402 1329 440 ib.

500 462 659 509 quando
697 462 800 498 actio
841 463 1036 499 referatur
1071 464 1121 499 ad
1161 464 1329 511 gloriam

502 523 590 560 Dm
616 524 668 562 ib.

456 587 633 623 Gratiam
646 587 848 635 (Angfice,
868 587 1012 635 Gracc)
1030 588 1071 623 in
1090 589 1207 624 domo
1221 588 1330 625 Con-

501 648 746 697 gregationis
763 660 988 697 proponere
1005 649 1083 685 viii.
1102 650 1162 687 25.

874 776 914 812 Η

455 867 665 912 HAmTus,
683 865 865 913 acquisiti
885 868 926 902 et
941 865 1067 902 innati
1084 865 1110 901 i.
1131 867 1190 902 18.

453 929 614 965 Hebraei
630 932 712 965 tres
729 927 1000 965 adolescentes
1021 939 1085 975 ap.
1104 926 1250 963 Daniel
1279 925 1330 961 iv·

505 994 571 1037 10;
591 1004 625 1027 v.
645 991 688 1036 93
707 990 757 1026 vi.
777 992 838 1027 13.

455 1053 682 1089 HEzmuAs
700 1052 789 1088 Rex
807 1051 900 1097 quid
918 1051 967 1087 de
983 1050 1186 1087 Paschatis
1204 1050 1334 1087 solen-

505 1114 631 1151 nitate
649 1113 866 1150 decreverit
883 1113 934 1151 vi.
953 1115 1015 1151 32.

457 1176 601 1212 Humo
621 1175 776 1211 Siculus
788 1174 1054 1223 principatum
1072 1174 1250 1211 modeste
1263 1174 1334 1210 ad-

505 1238 743 1275 ministravit
760 1250 796 1275 v.
816 1240 879 1275 18.

456 1303 762 1348 HIERONYMUS,
781 1301 865 1349 ejus
886 1301 1084 1337 sententia
1101 1301 1151 1337 de
1168 1300 1337 1337 Paulina

506 1364 644 1400 PETRI
668 1362 976 1411 reprehensione
992 1362 1046 1398 iii.
1066 1364 1100 1400 3.
1141 1375 1200 1398 vv.
1224 1362 1338 1398 κατά

505 1424 733 1473 πρόσωπον
766 1425 966 1472 quomodo
1000 1424 1247 1471 interpretur
1283 1423 1335 1459 ib.

505 1489 590 1536 ejus
607 1487 805 1524 sententia
817 1488 1070 1524 AUGUS'rmo
1089 1498 1169 1523 non
1188 1487 1338 1534 placuit

505 1552 559 1589 ib.
577 1553 615 1588 4.

459 1614 720 1650 HIPPODAMI
753 1612 898 1649 Milesii
926 1612 992 1649 lex
1020 1612 1261 1660 reprehensa
1286 1613 1336 1649 ab

508 1677 786 1712 Ams'rornnn
805 1688 843 1711 x.
862 1676 925 1712 13.

458 1739 606 1784 Homo,
624 1749 704 1775 non
722 1737 797 1774 sibi
814 1736 941 1774 solum
960 1739 1077 1773 natus
1096 1748 1132 1774 v.
1154 1737 1214 1775 19.

890 1867 909 1902 1

458 1960 648 1997 lAconus
665 1955 898 1993 Patriarcha
910 1954 1052 1992 ESAvo
1071 1952 1186 1989 fratri
1202 1955 1336 1999 pater-

506 2032 599 2058 nam
641 2018 957 2056 benedictionem
1004 2015 1165 2053 sustulit
1203 2014 1257 2050 iii.
1300 2014 1335 2051 7.

507 2079 592 2128 ejus
609 2077 838 2115 vaticinium
856 2075 924 2111 vii.
946 2075 986 2113 9.

457 2141 638 2184 Jesuitae,
660 2138 851 2176 Romanis
868 2136 1127 2174 Pontificibus
1144 2147 1335 2184 suppara-

507 2203 678 2239 sitantur
691 2202 739 2238 iv.
756 2202 815 2237 11.
851 2199 1120 2236 OEcumenicae
1134 2198 1338 2235 Pontificis

507 2263 821 2311 Omnipotentiae
835 2264 1050 2298 assertores
1063 2260 1244 2297 acerrimi
1260 2260 1341 2298 viii.

506 2328 568 2363 13.
620 2335 755 2361 eorum
774 2322 979 2369 theologia
997 2321 1123 2369 qualis
1140 2321 1180 2358 ii.
1199 2323 1262 2358 22.

457 2388 703 2437 Ignorantia,
716 2398 846 2424 crassa
863 2386 1060 2423 neminem
1079 2388 1242 2422 excusat
1257 2385 1337 2421 viii.

506 2452 543 2489 7.
579 2450 787 2495 vincibilis,
805 2460 884 2486 non
903 2451 1038 2496 potest
1056 2459 1136 2484 non
1154 2458 1240 2484 esse
1253 2448 1337 2484 cul-

505 2513 647 2561 pabilis
667 2512 743 2549 viii.
765 2513 803 2549 8.
852 2509 1089 2547 invincibilis
1106 2509 1206 2558 legis
1227 2509 1336 2557 juste

505 2587 585 2611 non
603 2574 768 2622 punitur
784 2574 836 2611 ib.
857 2574 894 2613 9.

457 2636 606 2673 Illicita
622 2646 703 2671 non
721 2634 904 2682 obligant
921 2646 960 2672 v.
975 2634 1012 2673 9.

457 2697 691 2744 Imperium,
708 2695 864 2742 imperii
882 2695 1062 2731 dilatatio
1081 2706 1174 2731 non-
1185 2697 1247 2732 est
1264 2706 1336 2743 po-

504 2757 661 2795 testatis
679 2756 801 2793 civilis
818 2756 907 2792 finis
924 2757 974 2793 vi.
993 2758 1054 2792 11.

456 2818 767 2867 Impossibilium
785 2817 895 2853 nulla
912 2816 1102 2864 obligatio
1121 2816 1172 2853 vi.
1192 2816 1228 2855 6.

457 2882 670 2919 Indefinite
698 2880 950 2918 enunciatum
979 2879 1210 2927 aequipollet
1235 2878 1334 2915 Uni-

507 2943 649 2982 versali
665 2943 716 2980 ix.
736 2944 773 2980 4.

458 3005 738 3042 Indifferentes
762 3015 846 3040 esse
874 3002 1065 3051 quasdam
1092 3013 1170 3049 res,
1194 3002 1334 3039 saltem

506 3068 547 3103 in
566 3066 697 3115 specie
720 3076 836 3102 nemo
860 3064 1065 3112 negaverit
1089 3064 1141 3100 vi.
1159 3065 1221 3101 24.
1272 3064 1333 3099 in-

508 3128 693 3165 differens
716 3130 828 3164 actus
848 3125 1007 3174 quando
1031 3125 1101 3162 fiat
1124 3125 1257 3162 licitus
1274 3126 1337 3162 vel

507 3191 669 3227 illicitus
687 3189 738 3227 ib.
793 3188 952 3236 quando
970 3190 1083 3223 actus
1107 3187 1265 3224 virtutis
1283 3187 1334 3224 vi.

508 3255 571 3290 22.

458 3316 615 3364 Injusta
631 3313 842 3361 dupliciter
856 3312 1043 3348 dicuntur
1060 3323 1098 3349 v.
1116 3312 1154 3348 8.
1190 3311 1338 3359 injusta

508 3378 574 3414 lex
591 3387 714 3425 quare
736 3386 816 3411 non
840 3373 966 3422 possit
990 3373 1099 3411 licite
1123 3373 1268 3410 servari
1285 3374 1336 3412 vi.

506 3440 569 3476 12.

459 3498 735 3547 Intelligentia
752 3497 847 3546 quid
864 3497 890 3533 i.
910 3498 971 3534 12.

460 3562 719 3599 Intellectivae
737 3560 863 3608 partis
881 3559 1072 3607 potentiae
1090 3562 1171 3596 tres
1188 3558 1239 3595 ib.
1259 3558 1319 3595 21.

460 3624 696 3660 Intellectus
714 3622 912 3670 practicus
930 3624 971 3658 et
994 3621 1259 3669 speculativus
1284 3621 1335 3658 ib.

461 3686 651 3730 Intentio,
678 3684 890 3732 dupliciter
916 3684 1097 3728 sumitur,
1118 3683 1337 3719 formaliter

510 3748 551 3781 et
579 3746 771 3793 objective
789 3746 830 3784 ii.
848 3748 885 3784 4.
937 3745 1098 3793 respicit
1127 3745 1190 3782 vel
1216 3745 1334 3782 finem

879 278 1088 321 INDEX
1128 278 1446 325 NOMINUM
1487 282 1569 327 ET
1609 283 1853 329 RERUM.

1465 405 1593 442 solum
1611 406 1674 443 vel
1690 406 1809 443 finem
1828 410 1869 444 et
1882 407 2011 445 media
2028 409 2082 448 ib.
2095 412 2154 449 11.
2183 412 2289 449 bona

1463 468 1570 515 apud
1595 468 1856 505 Scholasticos
1882 472 2040 518 quando
2066 472 2223 510 vitietur
2246 473 2290 510 ii.

1466 529 1526 566 11.

1415 591 1656 629 Intentionis
1668 593 1825 631 bonitas
1842 606 1923 631 non
1947 597 2090 634 sufficit
2107 598 2157 634 ad
2174 599 2289 634 boni-

1464 658 1589 691 tatem
1617 658 1728 692 actus
1749 657 1790 694 ii.
1808 659 1844 694 4.
1897 659 2062 696 effectus
2089 661 2290 698 actionum

1465 716 1624 762 quando
1663 718 1791 764 possit
1829 721 1989 756 extendi
2016 721 2123 758 ultra
2158 722 2290 759 inten-

1465 776 1615 813 tionem
1634 779 1840 826 agentium
1856 791 1897 817 v.
1916 783 1980 818 41.

1417 838 1583 875 Invasor
1598 839 1769 887 imperii,
1792 853 1842 877 an
1859 842 1977 880 liceat
1993 844 2098 881 bono
2116 845 2190 882 civi
2207 846 2292 894 ejus

1467 901 1673 948 imperatis
1691 913 1830 949 parere
1847 916 1883 940 v.
1902 904 1965 943 16.

1419 962 1584 998 Invasor
1604 962 1788 1000 Cnmsm
1807 965 1895 1012 quis
1912 979 1948 1003 v.
1969 967 2030 1005 36.

1420 1024 1447 1061 J
1449 1034 1643 1061 osEPHUS
1658 1025 1903 1073 Patriarcha,
1914 1032 2074 1066 rectene
2087 1041 2160 1077 per
2173 1030 2294 1068 vitam

1468 1087 1716 1126 PHARAoms
1736 1089 1931 1137 juraverit
1955 1091 2008 1127 iii.
2027 1092 2062 1130 7.
2117 1092 2227 1141 [vide
2244 1095 2294 1131 de

1468 1149 1695 1187 Juramentz·
1712 1151 1875 1199 obliqat.
1893 1152 2013 1191 Prael.
2028 1165 2067 1191 v.
2088 1154 2192 1192 Sect.
2211 1158 2233 1194 7
2237 1155 2268 1204 .]

1420 1212 1622 1249 IRENAEUS
1637 1224 1726 1249 cum
1744 1213 1974 1252 adversariis
1985 1217 2296 1265 praescriptionis

1461 1274 1553 1322 jure
1570 1275 1716 1322 agebat
1732 1274 1782 1312 iv.
1803 1276 1851 1314 37
1859 1304 1868 1313 .

1420 1337 1677 1380 ISRAELITAE,
1694 1348 1830 1374 eorum
1844 1350 1958 1387 reges
1968 1350 2135 1387 regnum
2149 1340 2296 1378 scelere

1468 1398 1681 1447 consecuti,
1711 1399 1896 1449 deinceps
1922 1402 2083 1450 proprio
2105 1402 2198 1450 jure
2225 1402 2296 1438 ad-

1468 1461 1743 1499 ministrarunt
1758 1474 1795 1499 v.
1813 1464 1875 1500 14.

1421 1523 1662 1560 Israeliticus
1687 1524 1872 1572 popellus
1897 1525 1963 1563 vii.
1993 1528 2053 1562 14.
2097 1538 2220 1575 quare
2249 1527 2297 1564 iis

1469 1585 1693 1633 permiserit
1722 1586 1833 1623 Deus
1858 1599 2025 1624 uxorum
2051 1589 2219 1637 repudia
2243 1589 2295 1626 vi.

1471 1648 1533 1686 19.

1422 1709 1445 1746 J
1452 1719 1559 1746 unAs
1577 1710 1774 1758 proditor,
1796 1710 1831 1748 ei
1852 1711 1948 1759 quid
1969 1712 2158 1760 objecerit
2183 1713 2294 1751 Con-

1470 1770 1633 1807 scientia
1650 1782 1721 1807 sua
1737 1772 1763 1808 i.
1780 1771 1815 1809 6.

1422 1831 1449 1869 J
1451 1832 1637 1878 udicium,
1663 1833 1826 1870 alterius
1860 1834 2010 1881 judicio
2045 1835 2294 1873 conscientiae

1470 1897 1616 1931 nostrae
1646 1905 1726 1930 non
1757 1897 1851 1931 sunt
1880 1895 2132 1944 subjiciendae
2158 1896 2212 1935 iii.
2231 1897 2294 1935 27.

1468 1956 1635 1992 aliorum
1645 1956 1796 2003 judicio
1814 1968 1893 1993 non
1911 1957 2027 1993 nimis
2041 1958 2295 1995 tribuendum

1470 2017 1523 2053 iii.
1545 2018 1606 2063 29,
1623 2019 1685 2054 30.
1737 2028 1810 2054 nec
1827 2029 1968 2064 parum
1984 2018 2039 2055 ib.
2055 2020 2118 2057 31.
2154 2018 2296 2068 judicii

1468 2082 1579 2116 actus
1607 2078 1796 2127 praecedit
1822 2079 2071 2116 conscientiae
2098 2080 2294 2118 dictamen

1467 2142 1522 2179 vi.
1540 2142 1579 2179 5.

1420 2203 1448 2241 J
1450 2213 1579 2240 cmm
1585 2213 1634 2239 us
1644 2202 1744 2251 juris
1755 2202 1971 2248 consultus,
1984 2202 2068 2251 ejus
2081 2203 2131 2240 de
2139 2202 2296 2251 legibus

1468 2266 1588 2302 verba
1603 2265 1668 2301 vii.
1689 2265 1749 2302 13.

1421 2326 1716 2372 Juramentum,
1734 2325 1840 2362 unde
1858 2325 2011 2374 obliget
2027 2338 2065 2362 x.
2085 2327 2122 2362 2.

1420 2387 1664 2433 Jurisdiotio,
1681 2387 1786 2424 unde
1809 2387 1960 2424 dictum
1976 2386 2043 2423 vii.
2066 2388 2125 2424 12.
2172 2387 2293 2435 juris-

1469 2449 1590 2486 dictio
1599 2449 1746 2498 judicis
1763 2449 1858 2497 quid
1883 2448 1935 2485 sit
1952 2448 2005 2485 ib.
2056 2449 2295 2497 legislatoris

1469 2511 1565 2559 quid
1591 2511 1645 2548 ib.

1413 2572 1515 2620 juris
1546 2572 1834 2608 administratio
1861 2572 2137 2608 conservandae
2171 2570 2294 2609 socie-

1467 2634 1542 2671 tati
1559 2633 1777 2670 necessaria
1793 2646 1829 2671 v.
1850 2634 1910 2672 19.

1412 2695 1504 2743 jure
1516 2707 1586 2732 suo
1596 2696 1734 2732 cedere
1740 2707 1819 2743 quo
1832 2695 2074 2732 casudebeat
2085 2694 2172 2742 quis
2188 2705 2226 2732 v.
2235 2696 2296 2732 20.

1411 2757 1504 2804 jure
1535 2758 1729 2805 gentium,
1756 2768 1844 2805 quae
1865 2757 2012 2793 nullius
2045 2760 2151 2802 sunt,
2183 2759 2293 2794 tran-

1467 2821 1584 2855 seunt
1600 2819 1641 2853 in
1652 2818 1720 2865 jus
1737 2818 2014 2865 occupantium
2032 2830 2067 2854 v.
2089 2820 2146 2855 14.

1412 2879 1513 2927 juris
1532 2879 1654 2916 civilis
1670 2878 1835 2925 regulae,

1467 2940 1518 2977 In
1544 2951 1587 2977 re
1611 2939 1734 2977 dubia
1755 2939 1878 2977 tutior
1904 2950 2006 2987 pars
2032 2942 2088 2976 est
2114 2938 2294 2987 eliqenda

1515 3003 1569 3040 vi.
1589 3005 1651 3041 18.

1468 3065 1519 3103 In
1532 3065 1661 3102 dubiis
1667 3066 1804 3113 potior
1816 3068 1872 3103 est
1884 3064 2054 3103 conditio
2057 3063 2294 3113 possidentis

1519 3127 1572 3164 ib.
1591 3130 1632 3164 et
1649 3139 1685 3165 v.
1709 3127 1769 3164 15.

1470 3191 1603 3240 Leqes,
1612 3203 1694 3240 quoe
1707 3191 1972 3239 constrinqunt
1979 3190 2170 3226 hominum
2180 3190 2296 3234 vitas,

1519 3252 1687 3301 intelliqi
1704 3253 1754 3289 ab
1772 3253 1946 3289 omnibus
1964 3251 2095 3288 debent
2111 3251 2189 3288 viii.
2207 3252 2245 3288 2.

1416 3315 1519 3364 juris
1553 3314 1730 3351 canonici
1768 3314 1920 3362 regula.
1964 3313 2087 3361 Leqes
2112 3312 2293 3350 constitu-

1470 3380 1599 3421 untur,
1614 3375 2008 3423 cumpromulqantur
2024 3374 2101 3411 viii.
2118 3376 2155 3411 2.

1415 3438 1484 3487 jus
1510 3437 1775 3485 legislativum
1802 3436 2006 3484 potissima
2026 3446 2167 3483 regum
2193 3444 2296 3482 prae-

1470 3500 1652 3548 rogativa
1668 3499 1734 3537 vii.
1754 3500 1814 3535 12.

1415 3561 1582 3610 justitiae
1608 3558 1867 3597 distributivae
1890 3568 2033 3593 munus
2059 3556 2154 3604 quid
2183 3567 2219 3592 v.
2235 3554 2295 3594 19.

1470 3621 1701 3659 universalis
1719 3620 1845 3657 omnis
1862 3619 1987 3656 virtus
2004 3618 2058 3655 vi.
2078 3619 2137 3655 10.

1414 3683 1572 3732 justitia
1604 3681 1886 3719 commutativa
1918 3680 1972 3717 ib.
2024 3678 2164 3727 legalis
2205 3677 2293 3713 uni-

1470 3755 1559 3782 cum
1577 3744 1768 3791 Rerump.
1779 3742 1961 3780 columen
1974 3741 2024 3779 vi.
2038 3741 2098 3785 10,
2113 3740 2172 3777 11.
2193 3749 2293 3775 sem-
