2482 4166
676 534 1269 603 PRAELECTIO
1342 535 1741 619 OCTAVA.

360 711 446 755 DE
487 710 717 756 LEGUM
760 709 1186 755 HUMANARUM
1236 709 1677 757 OBLIGATIONE
1718 711 1808 754 EX
1848 709 2057 755 PARTE

436 795 515 841 CA
528 796 675 841 USAE
725 795 1105 841 FORMALIS:
1180 796 1294 840 UBI
1348 797 1435 840 DE
1493 795 2057 845 PROMULGATIONE

430 884 672 936 LEGUM,
711 882 991 927 LEGIBUS
1032 881 1439 932 POENALIBUs.

1021 1210 1145 1258 ΕΖΒ.
1184 1211 1252 1259 X.
1290 1209 1337 1271 7,
1361 1210 1408 1258 8.

288 1320 368 1367 Ita
395 1317 780 1382 promulyarant
808 1333 900 1381 per
933 1316 1100 1363 Judak
1134 1326 1175 1363 et
1210 1316 1485 1365 Jerusalem
1522 1317 1741 1364 omnibus
1758 1317 1894 1380 filiis
1928 1318 2129 1382 captivi-

419 1397 546 1457 tatis,
584 1405 639 1443 ut
672 1412 717 1443 se
754 1403 1092 1457 conyreyarent
1125 1394 1451 1457 Jerosolymis,
1493 1405 1534 1442 et
1567 1395 1778 1457 quisquis
1813 1412 1909 1443 non
1948 1397 2130 1445 veniret

419 1476 558 1538 infra
582 1473 955 1521 triduum-..sub
979 1472 1277 1519 anathemate
1300 1482 1354 1520 ut
1376 1482 1522 1520 essent
1544 1489 1701 1520 omnes
1707 1474 1970 1533 facultates
1992 1476 2101 1537 ejus.

289 1602 332 1654 Ι.
545 1600 590 1649 Ε
631 1599 837 1666 Leyum
872 1597 1239 1651 humanarum
1271 1596 1627 1664 Obliyatione,
1673 1595 1811 1667 quod
1846 1596 1915 1652 ad
1952 1614 2130 1651 earum

411 1604 537 1742 D
582 1681 792 1733 Causas
830 1679 1186 1730 Materialem
1227 1683 1281 1729 et
1309 1679 1640 1747 Efficientem
1677 1677 1920 1747 pertinet,
1959 1678 2013 1731 in
2050 1680 2131 1732 his

288 1783 404 1835 quae
440 1763 549 1833 jam
592 1768 714 1814 ante
758 1759 905 1813 nobis
946 1764 1171 1812 tractata
1209 1765 1347 1821 sunt,
1388 1758 1513 1811 satis
1562 1777 1657 1829 pro
1700 1759 1921 1814 instituti
1966 1762 2131 1815 nostri

285 1847 488 1900 ratione
516 1843 751 1897 vidimuS.
839 1841 1127 1894 Dicendum
1160 1840 1394 1911 proxime
1432 1841 1498 1893 de
1530 1841 1626 1903 his,
1668 1859 1784 1912 quae
1823 1844 1892 1896 ad
1940 1845 2130 1897 Causae

283 1948 449 1999 yenus
490 1927 761 1988 Formale,
809 1924 927 1993 (etsi
967 1923 1199 1976 fortassis
1240 1941 1344 1975 non
1385 1923 1661 1976 admodum
1704 1924 1928 1994 proprie,
1974 1926 2131 1995 siquis

287 2011 413 2065 velit
436 2010 537 2064 ista
564 2009 633 2062 ad
668 2013 959 2061 accuratam
995 2005 1226 2058 methodi
1254 2023 1486 2057 normam
1522 2005 1747 2077 exigere,
1775 2006 1915 2059 haud
1954 2015 2130 2061 tamen

285 2111 498 2163 prorsus
536 2089 871 2152 incommode,
908 2095 968 2141 ut
1011 2087 1134 2138 mihi
1176 2087 1358 2139 saltem
1398 2087 1642 2156 videtur,)
1685 2088 1861 2141 reduci
1898 2097 2126 2159 possunt.

291 2176 421 2238 Quae
451 2173 635 2235 omnia,
667 2172 735 2224 ad
764 2172 865 2223 duo
896 2168 1101 2222 omnino
1132 2168 1301 2238 capita
1339 2187 1585 2222 revocare
1613 2169 1767 2223 licet:
1811 2170 2033 2224 alterum
2063 2173 2129 2225 de

287 2259 493 2327 Leyum
521 2255 1007 2322 Promulyatione;
1055 2251 1120 2304 de
1158 2250 1399 2320 adjuncta
1429 2251 1501 2304 eis
1519 2270 1688 2321 poena
1716 2252 2129 2323 delinquentibus

286 2337 568 2410 irroganda
606 2336 841 2389 alterum.
930 2335 1161 2397 Quarum
1204 2339 1426 2402 utraque
1467 2339 1527 2386 ut
1564 2334 1617 2386 in
1646 2335 1906 2405 proposito
1956 2339 2130 2390 Teoetu

289 2438 530 2492 expresse
565 2418 871 2478 continetur,
915 2416 1289 2484 Promulyatz'o
1315 2434 1470 2468 versu
1507 2416 1739 2487 septimO,
1772 2419 1944 2471 Poena
1974 2436 2129 2471 versu

289 2510 499 2555 octavo:
542 2501 617 2554 ita
656 2506 734 2552 est
769 2498 1050 2567 utriusque,
1088 2503 1142 2549 et
1175 2515 1240 2549 ex
1268 2496 1381 2567 ipsa
1420 2500 1584 2567 Leyz's
1622 2505 1826 2562 natura,
1867 2506 1921 2553 et
1954 2501 2022 2553 ad
2055 2505 2129 2573 ef-

277 2587 488 2654 fectum
514 2585 645 2653 leyis
682 2579 1108 2649 consequendum,
1143 2596 1265 2631 usus
1291 2580 1715 2648 pernecessarius.
1792 2583 1962 2644 Quum
1992 2582 2128 2635 enim

289 2669 423 2729 Leoe,
469 2685 534 2719 ex
571 2671 759 2717 natura
794 2680 901 2724 sua,
941 2667 994 2714 et
1037 2667 1290 2732 quatenus
1333 2667 1413 2713 est
1452 2664 1643 2731 reyula
1677 2663 1916 2733 quaedam
1953 2683 2128 2717 rerum

289 2748 624 2821 agendarum,
663 2746 931 2816 duplicem
968 2743 1161 2796 habere
1198 2742 1386 2795 debeat
1422 2745 1567 2804 vim;
1611 2743 1716 2797 vim
1759 2744 1951 2798 scilicet
1990 2749 2129 2800 diri-

288 2832 465 2900 qendi,
508 2828 824 2882 ostendendo
863 2824 1079 2879 subditis
1113 2824 1237 2895 quid
1270 2824 1337 2877 sit
1359 2826 1684 2893 faciendum
1726 2827 1809 2880 vel
1846 2846 1951 2880 non
1973 2831 2129 2897 faci-

290 2915 498 2975 endum,
547 2918 604 2985 ¹et
646 2910 747 2964 vim
796 2909 1092 2978 obliyandi,
1138 2906 1422 2979 ingerendo
1468 2906 1649 2960 animis
1690 2926 1867 2961 eorum
1910 2911 2129 2979 parendi

385 3110 426 3148 1.
488 3104 589 3148 The
616 3104 883 3161 Obligation
910 3103 962 3147 of
984 3103 1174 3146 Human
1198 3103 1331 3146 Laws
1355 3116 1406 3146 as
1432 3102 1699 3160 depending
1723 3116 1850 3160 upon
1871 3102 1953 3147 the
1978 3104 2126 3149 Mate-

294 3176 387 3219 rial
407 3175 556 3219 Oause
586 3175 678 3217 and
705 3174 786 3217 the
806 3174 1010 3231 Efficient
1043 3173 1191 3215 Cause
1223 3172 1395 3229 having
1425 3173 1547 3216 been
1582 3174 1869 3226 considered,
1899 3188 1967 3218 we
2002 3180 2127 3219 must

294 3259 398 3289 now
423 3245 565 3301 speak
590 3244 644 3287 of
663 3243 788 3287 what
812 3257 880 3286 we
902 3257 1008 3300 may
1033 3241 1235 3298 (though
1258 3247 1343 3286 not
1367 3257 1480 3300 very
1504 3242 1791 3301 accurately)
1816 3244 1941 3288 refer
1968 3249 2017 3289 to
2045 3246 2127 3290 the

295 3316 485 3359 Formal
511 3315 685 3365 Cause3
715 3314 915 3370 namely,
938 3313 1113 3357 certain
1138 3313 1294 3369 points
1319 3315 1602 3370 concerning
1625 3314 1707 3357 the
1731 3316 1873 3358 Form
1904 3315 1958 3358 of
1989 3316 2128 3373 legis-

294 3387 469 3438 lation;
507 3384 589 3428 the
620 3384 989 3440 Promulgation,
1025 3383 1119 3426 and.
1151 3383 1233 3426 the
1269 3384 1485 3441 Penalty.
1546 3386 1641 3428 For
1674 3398 1724 3428 as
1759 3399 1787 3428 a
1822 3386 1936 3429 Law
1969 3386 2033 3443 by
2066 3388 2127 3431 its

294 3462 478 3509 nature,
503 3455 597 3498 and
622 3468 671 3498 as
696 3454 837 3511 being
861 3468 890 3497 a
913 3454 1035 3497 Rule
1061 3453 1115 3496 of
1135 3453 1318 3505 Action,
1342 3460 1468 3498 must
1492 3454 1611 3498 have
1632 3468 1661 3499 a
1684 3456 1877 3499 twofold
1901 3456 2044 3509 force,
2076 3463 2126 3502 to

296 3529 457 3579 direct,
481 3526 575 3570 and
598 3530 648 3569 to
675 3525 857 3581 oblige3
887 3525 936 3567 in
962 3525 1100 3568 order
1119 3523 1223 3568 that
1248 3524 1329 3568 the
1353 3525 1464 3567 Law
1483 3539 1591 3582 may
1615 3525 1733 3570 have
1757 3526 1850 3570 this
1875 3527 2019 3580 force,
2043 3528 2127 3572 the

296 3599 476 3655 subject
502 3601 627 3640 must
651 3596 768 3640 both
798 3596 935 3639 know
960 3595 1042 3639 the
1072 3595 1183 3637 Will
1207 3595 1262 3639 of
1288 3595 1370 3638 the
1394 3596 1647 3653 Lawgiver,
1671 3596 1735 3654 by
1758 3598 1818 3642 its
1850 3599 2126 3656 Promulga-

294 3671 423 3722 tion3
454 3668 548 3713 and
572 3672 696 3712 must
720 3666 1022 3720 understand,
1051 3665 1174 3710 from
1199 3665 1280 3710 the
1304 3666 1521 3724 Penalty,
1551 3666 1629 3711 the
1654 3669 1884 3726 necessity
1910 3669 1964 3713 of
1984 3670 2126 3729 obey-

297 3755 390 3798 mg.
