2482 4166
428 272 535 325 326

429 404 667 453 Legislator‚
685 418 763 443 non
781 410 915 455 potest
939 408 1155 456 praevidere
1172 421 1308 447 omnes

479 467 797 507 circumstantias
831 473 1044 507 eventuum
1082 472 1306 509 futurarum

478 541 516 566 x.
540 530 599 568 16.
626 542 783 579 semper
799 533 1118 579 praesumendum
1136 545 1209 581 pro
1227 534 1306 570 Le-

476 592 666 640 gislatore
699 594 768 630 ubi
801 594 850 630 de
873 593 966 642 jure
990 595 1039 631 lis
1072 598 1132 632 est
1162 595 1213 633 vi.
1244 596 1305 633 17.

476 666 527 691 an
561 655 800 703 legislatoris
824 656 876 693 sit
903 657 1079 693 omnium
1107 656 1306 694 virtutum

475 720 589 754 actus
605 718 819 766 praecipere
831 718 884 754 ix.
904 720 941 764 4,
959 719 996 756 5.
1036 730 1088 755 an
1102 730 1227 767 prava
1243 720 1305 755 in-

476 780 604 816 tentio
631 781 744 817 vitiet
770 781 901 829 legem
925 781 979 818 ix.
1000 783 1057 819 10.
1109 784 1305 829 quatenus

476 842 703 890 requiratur
730 844 782 879 ad
808 844 995 880 effectum
1023 843 1226 891 obligandi
1252 843 1303 881 ix.

478 905 539 942 10.
600 905 649 941 (16
689 905 775 953 ejus
814 905 1037 942 intentione
1070 905 1305 953 plerumque

477 969 612 1014 potest
648 966 785 1003 haberi
823 966 1020 1003 certitudo
1061 967 1192 1015 logica
1225 967 1303 1003 viii.

476 1028 538 1067 16.
581 1040 692 1065 mens
716 1028 800 1076 ejus
821 1029 1021 1076 quomodo
1039 1029 1234 1066 elucescat
1252 1030 1304 1067 ib.

475 1089 708 1137 legumlatio
750 1101 958 1137 supremus
1004 1091 1305 1138 gubernationis

474 1154 587 1188 actus
605 1151 670 1188 vii.
689 1153 749 1187 12.
770 1151 822 1188 ix.
841 1153 875 1188 1.
904 1151 1204 1200 legumlativam
1230 1166 1304 1202 po-

474 1217 704 1252 testatatem
722 1218 856 1262 potest
874 1215 963 1252 Rex
980 1215 1047 1252 alii
1067 1216 1305 1255 demandare

470 1288 506 1312 v.
517 1276 582 1314 36.
601 1288 681 1313 non
692 1279 871 1314 versatur
882 1277 985 1314 cirea
997 1281 1109 1314 actus
1125 1273 1305 1316 internos

474 1337 526 1374 ix.
541 1337 581 1376 6.

425 1398 608 1436 Libertas
625 1400 953 1437 conscientiarum
981 1403 1180 1450 quomodo
1208 1414 1303 1440 con-

474 1461 588 1498 sistat
606 1473 696 1498 eum
714 1462 958 1509 obligatione
976 1463 1023 1500 vi.
1043 1465 1080 1501 4.

424 1523 612 1560 Liberum
630 1524 726 1572 quid
744 1525 795 1561 sit
812 1525 864 1561 iii.
887 1527 947 1563 12.

424 1585 613 1622 Liberum
629 1586 835 1623 arbitrium
853 1588 881 1625 i.
898 1590 962 1626 21.

424 1647 612 1692 Licitum,
631 1649 727 1696 quid
745 1650 796 1686 sit
812 1650 867 1687 iii.
887 1652 946 1688 12.

424 1711 567 1749 Lorm
585 1712 737 1748 factum
758 1712 797 1748 ii.
818 1713 879 1749 17.
934 1714 983 1750 (16
1014 1725 1061 1750 eo
1088 1725 1168 1750 non
1195 1714 1300 1751 idem

473 1773 651 1810 sentiunt
668 1785 804 1810 omnes
821 1774 874 1812 ib.
895 1775 957 1814 19.

422 1836 577 1873 Lumen
600 1836 755 1873 illatum
782 1839 980 1885 quomodo
999 1838 1155 1877 differat
1179 1851 1203 1876 a
1229 1852 1299 1877 na-

471 1898 592 1935 turali
613 1898 663 1935 iv.
682 1898 743 1936 26.

470 1960 606 1996 lumen
625 1960 861 2008 acquisitum
880 1961 976 2008 quid
993 1961 1042 1998 iv.
1061 1962 1123 2000 35.

470 2021 606 2057 lumen
623 2022 817 2068 innatum,
845 2034 867 2058 e
883 2023 974 2072 lege
989 2024 1154 2061 Naturae
1173 2024 1300 2062 oritur

470 2084 524 2120 iv.
543 2085 606 2120 24.
638 2095 685 2120 eo
703 2085 886 2123 voluntas
904 2086 991 2122 Dm
1010 2086 1151 2134 patefit
1168 2099 1209 2125 x.
1228 2088 1263 2125 1.

469 2146 604 2182 lumen
614 2146 779 2183 Naturae
790 2147 831 2182 in
844 2148 987 2195 quibus
1001 2148 1157 2185 deficiat
1175 2149 1223 2186 iv.
1237 2149 1300 2188 26.

420 2207 671 2255 Lnsmmm,
701 2208 784 2256 ejus
812 2209 927 2258 regni
951 2210 1231 2258 competitores
1263 2223 1299 2248 v.

475 2271 538 2308 15.
1174 2267 1176 2269 ’

420 2332 658 2371 Lurmzaus
676 2333 728 2371 iii.
746 2334 808 2373 29.

418 2394 669 2440 memus,
705 2396 815 2443 leges
842 2395 916 2432 sibi
942 2408 966 2432 a
993 2396 1167 2434 Numine
1187 2396 1300 2434 datas

467 2457 583 2494 finxit
600 2470 636 2494 v.
657 2457 718 2495 26.

420 2519 681 2567 [LYsANnEQ
698 2519 747 2558 vi.
768 2519 849 2567 10.]

835 2711 881 2746 M

418 2826 663 2863 MAGCABAEI
679 2825 836 2871 fratres,
848 2836 984 2862 eorum
997 2826 1148 2863 factum
1165 2826 1216 2863 iv.
1235 2827 1295 2863 10.

418 2887 694 2935 Magistratus,
728 2899 808 2936 qua
836 2888 984 2925 virtute
1014 2891 1230 2935 operentur
1258 2900 1294 2924 v.

464 2951 528 2987 38.
565 2950 654 2987 Dm
673 2953 766 2987 sunt
783 2950 1021 2994 administri,
1041 2949 1295 2998 λειτουργοὶ,

465 3009 619 3047 ἔκδικοι
637 3011 693 3047 εἰς
708 3010 838 3058 ὀργήν
850 3009 1035 3058 (ministri
1052 3010 1121 3047 irae
1139 3009 1295 3057 divinae)

465 3084 501 3108 v.
529 3073 591 3119 24,
620 3074 682 3118 30,
713 3074 781 3119 383
808 3073 856 3109 vi.
882 3075 931 3119 23
969 3073 1034 3109 vii.
1067 3073 1125 3110 15.
1173 3084 1295 3120 quare

464 3134 533 3170 Dii
551 3135 646 3171 dicti
663 3135 726 3172 vii.
745 3135 807 3182 19,
826 3135 1069 3183 Magistratu
1098 3146 1295 3183 supremo,

465 3200 513 3233 ut
540 3197 670 3245 capite
697 3197 1003 3242 communitatis,
1024 3208 1124 3245 opus
1149 3200 1210 3234 est
1227 3197 1292 3234 vii.

466 3259 504 3297 6.
544 3259 802 3308 mag-istratus
824 3270 904 3294 non
934 3261 1114 3306 peccant,
1136 3259 1294 3307 quando

463 3321 505 3356 in
522 3322 641 3358 rebus
658 3320 797 3357 mediis
820 3321 987 3357 subditis
1004 3321 1137 3368 aliqua
1153 3320 1292 3368 praeci-

464 3383 581 3431 piunt
599 3383 747 3420 ordinis
766 3385 840 3420 etc.
866 3382 998 3431 gratia
1021 3382 1121 3419 citra
1138 3382 1292 3430 opinio-

464 3457 555 3482 nem
585 3445 833 3482 necessitatis
863 3446 970 3492 quod
1000 3445 1051 3481 ad
1077 3455 1161 3481 rem
1188 3456 1291 3492 prae-

463 3510 621 3554 ceptam
639 3510 795 3555 spectat
810 3508 865 3546 ix.
882 3510 941 3546 12.
981 3508 1291 3556 Magistratuum

464 3568 735 3605 subordinatio
754 3569 817 3605 vii.
832 3569 870 3607 5.

415 3630 605 3677 Majestas
618 3631 714 3679 quid
726 3631 778 3668 sit
795 3632 860 3670 vii.
878 3632 912 3670 7.
942 3632 982 3668 in
1002 3632 1144 3679 quibus
1161 3633 1292 3681 posita

463 3691 517 3729 ib.
561 3692 751 3740 Majestas
776 3693 907 3742 Regia
923 3694 1031 3742 apud
1053 3694 1211 3743 Anglos
1237 3694 1288 3730 ib.

466 3758 715 3791 sacrosancta
733 3758 791 3792 est
809 3767 847 3792 x.
866 3757 928 3794 14.

853 283 1062 329 INDEX
1101 285 1419 332 NOMINUM
1460 288 1542 332 ET
1583 289 1828 333 RERUM.

1398 411 1599 449 MAJORES
1613 415 1652 449 et
1667 413 1939 460 Aldermanni‚
1952 425 2086 451 eorum
2098 415 2275 464 regimen

1448 475 1566 522 quale
1591 475 1657 513 vii.
1675 478 1710 513 7.

1397 536 1562 582 Malum,
1580 537 1664 585 ejus
1679 540 1822 574 natura
1838 537 1877 574 ii.
1892 537 1930 576 6.
1957 549 2037 575 non
2054 539 2148 576 licet
2163 541 2276 576 nobis

1443 599 1591 635 malum
1619 600 1750 637 facere
1773 603 1819 637 ut
1845 600 1937 637 inde
1966 602 2173 648 proveniat
2202 602 2273 639 bo-

1444 671 1539 696 num
1563 661 1604 698 ii.
1623 661 1658 699 7.
1711 672 1791 709 quo
1818 673 1936 698 sensu
1969 662 2124 699 dicatur
2153 664 2276 701 DEUS

1444 722 1626 759 ordinare
1648 723 1754 759 mala
1781 723 1823 758 in
1851 724 2001 759 bonum
2030 724 2150 761 finem
2174 726 2216 763 ii.
2236 726 2276 764 7.

1444 782 1591 818 1113111111
1609 785 1669 819 est
1687 782 1798 829 cujus
1823 783 1912 818 finis
1933 784 2060 820 malus
2078 788 2139 821 est
2163 785 2214 822 ib.
2233 786 2271 825 9.

1443 844 1547 879 mala
1573 855 1653 880 non
1683 847 1851 892 possunt
1881 844 1967 881 fieri
1996 846 2100 882 bona
2122 847 2276 887 ratione

1444 904 1714 953 cujuscunque
1744 905 1833 941 finis
1861 906 1940 951 ib.;
1965 906 2014 944 vi.
2032 908 2094 944 25.
2144 908 2275 946 minus

1443 967 1604 1013 malum,
1621 968 1690 1004 ubi
1702 968 1844 1005 electio
1858 968 1998 1016 nequit
2015 967 2139 1014 evadi,
2151 970 2275 1007 ratio-

1445 1041 1536 1066 nem
1571 1029 1701 1066 induit
1734 1030 1829 1067 boni
1855 1030 1895 1066 11.
1926 1031 1988 1068 17.
2041 1042 2121 1078 quo
2156 1043 2275 1069 sensu

1439 1091 1606 1137 dicatur,
1637 1091 1675 1128 E
1692 1091 1810 1128 malis
1832 1091 2031 1128 minimum
2060 1092 2275 1141 eliqendum

1442 1152 1483 1190 ii.
1505 1153 1564 1199 17,
1582 1164 1669 1201 sqq.
1696 1164 1776 1190 non
1799 1157 1859 1190 est
1874 1154 2099 1191 faciendum
2117 1159 2164 1192 ut
2180 1155 2273 1193 inde

1444 1215 1599 1252 eveniat
1623 1216 1788 1258 bonum,
1812 1226 1861 1252 ne
1885 1215 2060 1263 quidem,
2089 1219 2136 1253 ut
2160 1217 2272 1254 illus-

1443 1278 1543 1315 trior
1562 1278 1753 1315 reddatur
1772 1277 1850 1314 Dei
1871 1277 2001 1326 gloria
2020 1278 2061 1315 ii.
2085 1280 2146 1316 23.
2192 1290 2272 1316 non

1442 1342 1503 1376 est
1531 1340 1636 1376 111310
1671 1339 1899 1387 pellendum
1934 1339 1986 1376 ib.
2015 1342 2078 1377 21.
2140 1341 2275 1389 aliqua

1442 1401 1547 1438 mala
1564 1401 1773 1438 toleranda
1789 1402 1830 1438 in
1848 1401 1956 1438 omni
1977 1402 2201 1450 Republica
2217 1403 2273 1442 ix.

1442 1465 1482 1501 8.
1531 1464 1679 1500 1113111111
1714 1475 1843 1511 poenae
1875 1464 2102 1512 eligendum
2139 1465 2273 1513 potius

1442 1536 1562 1573 quam
1580 1526 1727 1562 malum
1746 1526 1874 1574 culpae
1898 1526 1937 1563 ii.
1960 1526 2021 1564 17.
2064 1526 2194 1563 minus
2212 1530 2273 1564 est

1441 1588 1602 1634 malum,
1613 1589 1698 1637 pati
1712 1589 1859 1625 malum
1871 1600 1989 1637 quam
2002 1589 2132 1628 facere
2141 1589 2182 1626 ii.
2195 1589 2256 1627 17.

1391 1649 1588 1698 Martyres
1604 1650 1757 1698 priores
1773 1650 1814 1688 ii.
1834 1650 1898 1688 17.

1391 1711 1726 1748 MAX1M1L1ANUS
1753 1713 1859 1760 Imp.
1888 1713 1986 1759 Imus,
2009 1712 2093 1761 ejus
2119 1713 2269 1750 dictum

1438 1772 1487 1810 iv.
1511 1774 1573 1809 11.

1389 1834 1524 1870 Media
1540 1838 1706 1882 propter
1723 1835 1841 1873 finem
1856 1839 1950 1873 sunt
1967 1849 2007 1876 x,
2024 1837 2088 1873 21.

1389 1897 1505 1934 Mens
1522 1897 1695 1935 humana
1711 1899 1861 1947 aliquid
1877 1899 1918 1935 in
1937 1911 1979 1936 se
1998 1899 2118 1936 divini
2133 1899 2269 1946 habet,

1437 1961 1498 1998 uti
1515 1961 1610 1998 fassi
1626 1965 1719 1999 sunt
1732 1965 1911 1999 veterum
1932 1962 2139 2010 Sapientes
2155 1962 2195 1999 ii.
2215 1965 2250 2000 1.

1387 2023 1529 2069 Menti,
1554 2027 1600 2061 ut
1629 2023 1733 2069 Deo,
1762 2024 1867 2061 aedes
1894 2025 1949 2062 ib.
1975 2025 2121 2061 mentis
2148 2025 2268 2071 vires,

1436 2097 1555 2134 quam
1569 2088 1678 2122 arcte
1694 2089 1875 2134 cognatae
1889 2086 1995 2123 inter
2005 2098 2047 2124 se
2057 2087 2083 2123 i.
2096 2090 2132 2125 7.
2156 2099 2266 2125 men-

1435 2147 1487 2183 tis
1499 2158 1579 2183 suae
1590 2146 1794 2183 dictamini
1800 2147 1868 2195 qui
1878 2158 1958 2183 non
1971 2148 2267 2197 auscultaverit,

1436 2208 1540 2244 mala
1558 2209 1800 2245 conscientia
1817 2210 1903 2258 agit
1920 2210 1971 2247 iv.
1991 2212 2053 2248 13.

1386 2270 1586 2307 Mensurae
1603 2270 1770 2307 invicem
1789 2271 1981 2307 ordinatae
1994 2271 2045 2308 iv.
2065 2273 2102 2309 3.

1385 2331 1593 2368 Meritoria
1608 2332 1715 2379 apud
1734 2331 1998 2369 Scholasticos
2017 2344 2105 2381 quae
2123 2333 2149 2370 i.
2168 2335 2236 2371 22.

1386 2393 1635 2441 Μετάβασις
1653 2395 1710 2430 εἷς
1726 2393 1836 2430 ἄλλο
1854 2393 1973 2442 γένος
1985 2394 2037 2431 iii.
2059 2395 2128 2440 173
2149 2407 2185 2432 v.
2201 2397 2264 2433 32.

1384 2456 1613 2502 Methodus,
1634 2456 1683 2493 de
1708 2467 1755 2494 ea
1772 2468 1853 2493 non
1871 2457 1987 2493 nimis
2004 2458 2264 2495 laborandum

1432 2517 1486 2555 vi.
1510 2519 1548 2555 1.

1383 2580 1556 2617 Mutatio
1574 2580 1706 2617 subita
1721 2580 1763 2617 in
1781 2591 1948 2629 corpore
1974 2581 2078 2619 civili
2103 2582 2262 2630 pericu-

1430 2643 1516 2679 losa
1536 2643 1590 2679 ix.
1609 2645 1669 2680 12.

1382 2704 1626 2749 Monarchia,
1663 2704 1903 2742 hereditaria
1935 2705 2263 2754 praestantissima

1430 2766 1545 2813 Reip.
1567 2767 1696 2802 forma
1713 2778 1798 2803 esse
1816 2767 1981 2814 ponitur
1997 2767 2050 2804 ix.
2071 2769 2131 2804 15.
2184 2767 2259 2803 hoe

1428 2827 1559 2873 posito
1586 2827 1746 2874 quando
1765 2828 1891 2874 possit
1907 2828 1948 2863 in
1965 2839 2135 2876 regnum
2155 2828 2259 2864 elec-

1429 2887 1560 2923 tivum
1570 2887 1748 2934 legitime
1762 2889 1997 2924 commutari
2023 2889 2075 2926 ix.
2091 2890 2151 2925 15.

1380 2950 1533 2986 Morale
1564 2949 1764 2998 operabile
1790 2953 1851 2987 est
1874 2950 2073 2999 obiectum
2093 2950 2258 2988 Consci-

1428 3011 1545 3049 entiae
1564 3012 1589 3048 i.
1609 3011 1670 3058 19,
1688 3013 1748 3049 23.

1379 3074 1561 3120 Moralia,
1579 3085 1715 3111 eorum
1728 3074 1970 3111 incertitudo
1980 3075 2086 3111 unde
2102 3074 2186 3111 viii.
2196 3074 2257 3113 16.

1427 3136 1468 3172 in
1486 3136 1702 3173 moralibus
1720 3147 1857 3173 eorum
1872 3147 1960 3183 quae
1971 3135 2072 3172 fiunt
2089 3136 2258 3173 aestima-

1427 3199 1485 3236 tio
1501 3200 1607 3236 unde
1625 3199 1707 3236 viii.
1727 3200 1789 3235 21.
1832 3199 1963 3246 legem
1981 3198 2258 3247 disjunctivam

1426 3262 1609 3298 observet
1627 3261 1715 3309 quis
1726 3261 1777 3297 ib.
1794 3262 1858 3298 23.
1884 3260 2049 3296 moralia
2059 3263 2260 3308 praecepta

1424 3335 1449 3360 a
1471 3323 1679 3360 ritualibus
1706 3322 1953 3359 discernendi
1976 3322 2186 3358 difficultas
2206 3322 2257 3358 iv.

1428 3385 1486 3423 16.
1510 3385 1674 3421 moralia
1681 3387 1883 3433 praecepta
1890 3384 1993 3420 Novi
2003 3383 2112 3420 Test.
2125 3384 2256 3431 quoad

1424 3447 1685 3483 substantiam
1701 3446 1838 3483 eadem
1851 3456 1941 3481 cum
1954 3444 2255 3483 moralibusVe-

1424 3508 1520 3545 teris
1540 3508 1588 3545 Τ.
1607 3508 1659 3545 iv.
1675 3510 1736 3545 34.

1376 3570 1519 3607 Mosas
1537 3580 1616 3617 quo
1635 3568 1794 3605 nomine
1811 3568 2009 3605 diceretur
2027 3567 2116 3605 Rex
2133 3566 2174 3603 in
2194 3567 2256 3603 Is-

1423 3632 1530 3669 raele
1560 3631 1625 3669 vii.
1654 3632 1713 3669 10.
1766 3641 1933 3678 quarum
1960 3640 2093 3665 rerum
2122 3628 2254 3676 legem

1424 3693 1579 3730 dederit
1593 3692 1785 3730 Israelitis
1802 3691 1851 3729 vi.
1871 3692 1931 3737 30,
1948 3691 2010 3729 31.
2047 3690 2133 3738 ejus
2143 3690 2255 3736 leges

1423 3755 1595 3803 politicae
1630 3758 1700 3792 aut
1724 3754 1932 3803 judiciales
1965 3763 2044 3789 non
2072 3751 2253 3798 obligant
