2482 4166
380 278 484 329 160
643 287 730 332 DE
770 287 997 333 LEGUM
1035 287 1456 334 HUMANARUM
1498 289 1945 338 OBLIGATIONE.

378 417 655 490 pertinent,
686 419 753 471 ad
782 420 940 472 atiud
965 438 1129 490 yeuus
1151 438 1251 490 quo
1271 438 1374 472 non
1396 426 1629 492 spectant
1652 418 1891 492 imperite
1911 422 2201 476 trahantur.

382 502 513 565 Quae
548 504 573 538 g
581 497 891 570 μετάβασις
931 503 1003 561 εἰς
1041 496 1188 559 ἄλλο
1231 498 1409 575 «γένος,
1454 522 1558 555 11011
1593 505 1903 557 Antiuomis
1944 504 2106 557 solum
2153 511 2207 557 et

377 585 777 654 Anabaptistis‚
808 584 899 637 sed
928 591 981 637 et
1008 584 1120 637 aliis
1144 584 1403 655 plerisque
1430 584 1575 638 istius
1603 585 1701 639 aevi
1740 588 2206 656 Reformatoribus

376 673 683 737 perpetuum
725 673 779 719 et
816 665 1022 719 solenne
1062 666 1242 720 vitium
1280 673 1394 720 est:
1438 674 1496 720 ut
1533 667 1658 719 alias
1699 668 1989 738 saepissime,
2019 668 2094 721 ita
2122 668 2206 722 vel

377 747 613 810 maxime,
656 747 744 801 ubi
789 749 854 802 de
895 750 1094 802 ritibus
1133 750 1540 802 Ecclesiasticis
1580 748 1863 802 instituitur
1904 750 2201 821 disputatiO.

381 831 533 893 Quod
561 830 883 884 admonuisse
911 830 1149 884 sufficiat:
1197 848 1331 883 nunc
1359 830 1570 900 propius
1594 831 1663 883 ad
1690 849 1818 883 rem.
1897 833 1960 883 In
1999 832 2085 884 illo
2128 835 2206 885 ad

385 915 689 967 Corinthios
734 913 843 965 1000
883 912 1083 966 hortari
1123 912 1281 966 voluit
1322 914 1612 983 Apostolus
1654 913 1844 976 fideleS,
1889 919 1948 967 ut
1990 913 2204 984 quisque

377 1013 479 1065 quo
519 994 685 1065 ipsum
726 995 835 1047 loco
878 995 1022 1047 Deus
1064 994 1384 1048 constituerit
1426 995 1708 1065 quibusque
1748 994 1892 1048 donis
1923 996 2200 1059 ornaverit,

375 1084 645 1130 contentus
673 1075 894 1129 statione
932 1094 1040 1138 sua,
1070 1079 1223 1130 iutra
1266 1078 1468 1131 debitos
1498 1080 1636 1145 fines
1678 1095 1733 1130 se
1770 1078 2001 1131 modeste
2043 1078 2202 1132 conti-

374 1165 511 1225 neat,
543 1164 597 1211 et
625 1160 782 1211 donis
808 1175 869 1210 ac
902 1161 1176 1211 vocatione
1202 1160 1314 1211 Dei
1341 1177 1394 1211 se
1435 1158 1694 1221 metiatur,
1730 1159 1990 1229 vitamque
2029 1167 2083 1213 et
2110 1179 2202 1213 ac-

373 1240 539 1293 tiones
566 1240 635 1293 ad
662 1239 750 1292 illa
782 1240 1106 1292 accommode
1134 1239 1385 1301 instituat,
1416 1239 1523 1294 sive
1550 1260 1733 1294 servus
1768 1240 1849 1303 sit,
1887 1241 1995 1295 sive
2039 1244 2202 1296 liber.-

373 1340 467 1375 nec
494 1322 568 1376 ita
596 1340 651 1375 se
680 1321 1138 1392 conscientiamque
1161 1340 1305 1375 suam
1332 1321 1628 1392 cujusquam
1650 1322 1869 1375 hominis
1883 1330 1974 1377 aut
1986 1326 2202 1394 judicio

373 1411 464 1458 aut
491 1407 718 1473 imperio
747 1403 1017 1475 mancipet,
1047 1411 1107 1458 ut
1133 1405 1199 1457 ab
1225 1404 1334 1474 ejus
1363 1406 1609 1474 opinione
1636 1412 1727 1459 aut
1755 1407 2025 1460 voluntate
2063 1414 2201 1460 totus

374 1487 629 1557 pendeat3
677 1487 780 1539 Sed
809 1505 1003 1539 memor
1028 1505 1083 1540 se
1110 1489 1223 1540 Dei
1251 1493 1303 1540 et
1346 1486 1537 1539 domini
1578 1490 1709 1542 Jesu
1755 1490 1960 1542 Christi
1992 1508 2201 1544 servum

374 1586 500 1631 esse,
531 1569 601 1621 sic
630 1570 931 1622 homiuibus
948 1570 1170 1638 placere
1199 1569 1420 1631 studeat,
1452 1576 1505 1622 et
1541 1568 1769 1640 ipsorum
1809 1571 2074 1625 affectibus
2109 1579 2201 1626 aut

372 1649 599 1720 imperiis
626 1650 889 1712 inservire,
920 1657 979 1703 ut
1006 1650 1132 1703 nihil
1156 1650 1422 1722 indignum
1451 1650 1620 1704 faceat
1658 1670 1717 1704 eo
1754 1652 1973 1716 homine,
2015 1654 2103 1724 qui
2144 1673 2200 1707 se

372 1751 582 1786 servum
611 1734 720 1786 Dei
749 1743 798 1786 et
834 1733 1040 1786 Christi
1066 1732 1385 1802 profiteatur.
1433 1756 1436 1757 ⁷
1467 1733 1597 1795 Quae
1626 1751 1739 1786 cum
1777 1733 1844 1787 sit
1871 1734 2110 1805 Apostoli
2145 1736 2199 1788 in

373 1820 485 1868 tota
527 1814 616 1868 illa
655 1814 895 1885 perioche
948 1813 1230 1867 certissima
1276 1832 1436 1876 menS,
1480 1814 1760 1868 rectissime
1802 1815 1921 1868 hino
1967 1817 2199 1871 concludi
2285 1816 2288 1820 ’

372 1896 578 1967 poterit,
621 1915 725 1949 non
766 1896 956 1950 debere
997 1914 1090 1948 nos
1131 1898 1483 1957 dominorum,
1518 1908 1827 1965 pareutum,
1863 1901 2196 1970 principum,

372 1977 655 2031 aliorumve
684 1996 1101 2048 quorumcunque
1128 1978 1420 2031 mortalium
1454 1980 1724 2031 hominum
1744 1981 1976 2049 placitis
2003 2000 2197 2035 morem

372 2078 573 2132 gerere,
605 2060 773 2131 siquid
800 2078 832 2113 a
859 2059 1007 2112 nobis
1034 2059 1147 2112 fieri
1174 2059 1433 2130 postulent
1461 2060 1598 2129 quod
1625 2062 1854 2130 impium
1882 2064 2198 2117 illicitumve

371 2143 470 2196 sit:
514 2143 635 2212 quia
672 2144 769 2195 hoc
810 2148 945 2196 esset
986 2160 1080 2213 pro
1119 2144 1231 2195 Dei
1267 2160 1415 2195 servo
1453 2159 1658 2195 servum
1694 2160 1749 2194 se
1776 2142 2038 2197 hominum
2067 2163 2199 2216 prae-

370 2231 527 2280 stare.
614 2224 687 2278 At
733 2224 820 2295 qui
852 2223 1019 2294 justiS,
1059 2223 1286 2277 honestis
1321 2231 1374 2277 et
1408 2223 1618 2277 utilibus
1646 2226 1918 2277 hominum
1947 2230 2198 2280 coustitu-

373 2309 606 2360 tionibus
635 2325 698 2360 ex
724 2305 1031 2359 conscientia
1059 2305 1399 2377 obtemperat,
1430 2312 1631 2359 tantum
1660 2307 1806 2360 abest
1834 2314 1892 2360 ut
1919 2316 2198 2379 propterea

370 2408 552 2443 servus
579 2391 851 2443 hominum
881 2389 1161 2441 censendus
1189 2389 1271 2451 sit,
1302 2395 1361 2441 ut
1388 2406 1422 2441 a
1460 2388 1658 2441 duobus
1703 2389 1910 2442 summis
1938 2390 2198 2461 Apostolis

372 2471 562 2524 diserte
592 2472 792 2524 dicatur
821 2474 1055 2524 Domino
1084 2471 1201 2524 Deo
1226 2473 1442 2536 servire,
1473 2481 1522 2524 et
1555 2489 1659 2524 uon
1703 2473 2018 2535 homiuibus,
2048 2475 2195 2543 Eph.

371 2552 440 2606 vi.
473 2552 505 2607 7
527 2573 539 2614 3
576 2555 687 2606 Col.
718 2553 786 2606 iii.
815 2555 917 2614 23;
953 2559 1006 2605 et
1036 2554 1066 2604 1
1098 2555 1220 2605 Pet.
1251 2552 1301 2605 ii.
1335 2554 1422 2613 16,
1445 2552 1501 2605 id
1529 2560 1622 2615 est,
1655 2554 1928 2624 (particula
1955 2555 2194 2626 negandi,

371 2640 430 2686 ut
457 2633 569 2685 fieri
597 2641 752 2695 amat,
784 2635 1150 2703 comparative
1178 2635 1422 2703 sumpta‚)
1460 2636 1578 2687 Deo
1608 2638 1796 2704 potius
1828 2656 1993 2706 quam
2028 2639 2195 2691 homi-

371 2716 530 2767 uibus
550 2735 567 2766 .·
611 2714 731 2784 quia
765 2717 882 2768 Deo
909 2721 1124 2784 propter
1150 2732 1219 2777 se,
1251 2717 1553 2768 homiuibus
1579 2724 1795 2786 propter
1824 2719 2008 2772 Deum.
2080 2721 2196 2773 Ho-

371 2797 607 2849 minibus
643 2798 807 2849 servit
836 2796 1057 2865 quidem,
1102 2802 1353 2864 quatenus
1392 2796 1530 2865 quod
1570 2796 1878 2866 imperatum
1920 2807 1999 2853 est
2039 2800 2194 2854 facit:

371 2880 488 2931 Deo
516 2885 689 2930 autem
717 2879 896 2939 servit,
927 2884 1180 2946 quatenus
1209 2895 1274 2930 ex
1304 2877 1450 2930 officii
1479 2878 1786 2932 conscientia
1813 2879 1867 2932 id
1895 2879 2034 2934 facit.

491 2960 754 3012 XXXIII.
840 2960 1005 3012 Locus
1043 2958 1128 3011 ille
1170 2959 1303 3012 alter
1346 2961 1424 3011 ad
1459 2960 1715 3022 Galatas,
1760 2979 1825 3013 ex
1867 2961 2025 3014 totius
2052 2964 2195 3031 Epi-

369 3043 518 3094 stolae
546 3060 700 3111 scopo
745 3040 934 3111 optime
963 3039 1284 3112 intelligitur.
1374 3042 1418 3092 E
1456 3041 1492 3093 J
1495 3041 1654 3093 udaeis
1685 3048 1776 3095 aut
1803 3044 1840 3095 J
1842 3042 2194 3096 udaizantibus

373 3123 677 3178 Christianis
714 3123 1202 3193 Pseudo-Apostoli
1255 3121 1463 3193 quidam
1522 3121 1576 3174 in
1613 3125 1879 3178 Ecclesiis
1933 3126 2191 3189 Galatiae,

853 3315 873 3342 g
899 3307 1020 3357 [conf.
1041 3321 1161 3358 supra
1176 3310 1360 3348 Praelect.
1379 3321 1447 3348 111.
1469 3309 1574 3348 Sect.
1597 3308 1678 3358 17.]

367 3420 640 3477 appointed:
674 3421 759 3466 but
784 3422 832 3465 in
857 3426 1049 3467 matters
1079 3422 1230 3467 which
1256 3435 1456 3467 concern
1490 3422 1562 3467 his
1582 3422 1800 3480 religious
1834 3425 1969 3474 state,
1998 3421 2064 3465 let
2093 3421 2192 3465 him

366 3492 581 3535 recollect
601 3492 706 3536 that
725 3493 785 3537 he
806 3494 844 3537 is
870 3493 1061 3540 Christ's
1082 3498 1272 3538 servant
1297 3494 1444 3538 above
1470 3494 1547 3537 all.
1611 3493 1673 3537 So
1694 3491 1814 3549 Eph.
1837 3492 1896 3535 vi.
1922 3495 1965 3543 6,
1995 3492 2191 3548 “Doing

367 3562 539 3605 service
565 3577 613 3606 as
646 3568 695 3607 to
725 3563 806 3608 the
830 3565 972 3617 Lord,
1004 3566 1097 3609 and
1124 3571 1208 3610 not
1237 3570 1288 3609 to
1321 3565 1474 3617 men,'’
1494 3564 1597 3609 that
1621 3563 1673 3615 is,
1701 3564 1853 3606 rather
1877 3563 1986 3606 thau
2006 3569 2049 3605 to
2073 3576 2185 3606 men.

370 3631 431 3674 So
459 3631 556 3676 001.
581 3634 644 3677 iii.
671 3639 741 3684 23,
778 3635 871 3678 and
894 3640 916 3678 1
938 3637 1041 3680 Pet.
1063 3637 1110 3681 ii.
1137 3640 1207 3681 16.
1270 3636 1357 3680 We
1385 3649 1514 3680 serve
1553 3634 1657 3678 God
1692 3633 1768 3677 for
1807 3632 1879 3677 his
1913 3646 2015 3676 own
2051 3633 2160 3677 sake
2175 3647 2189 3684 3

367 3712 490 3750 men,
511 3702 584 3745 for
604 3704 743 3748 God's
765 3706 902 3758 sake3
932 3720 1054 3759 men,
1077 3721 1127 3752 as
1153 3707 1258 3751 that
1279 3706 1429 3751 which
1448 3707 1486 3752 is
1511 3703 1817 3750 commanded
1830 3719 1843 3756 3
1875 3703 1994 3756 God,
2015 3717 2065 3748 as
2086 3703 2190 3747 that

366 3768 516 3814 which
538 3772 817 3819 Conscienoe
841 3776 1025 3822 directs.
