2482 4166
795 267 1178 314 PRAELECTIO
1219 268 1440 314 PRIMA.
1969 267 2034 317 21

193 400 379 471 primo
422 398 717 452 dictamine
749 403 967 460 naturae,
1017 398 1097 465 (ut
1144 395 1445 451 Scholastici
1482 395 1592 449 fere
1636 395 1938 471 loquuntur)
1982 410 2036 458 et

201 489 321 535 sunt
367 481 476 551 ejus
527 481 744 549 Objecta
793 482 1109 543 Pri-maria,
1164 486 1243 533 est
1290 482 1537 533 Habitus
1585 484 1881 545 naturalis,
1927 484 2035 538 sive

199 563 419 626 innatUS,
451 571 504 616 et
528 562 745 634 proinde
775 562 1007 615 omnibus
1035 562 1233 634 pariter
1262 561 1411 625 inest,
1444 568 1497 615 et
1522 580 1725 633 semper
1753 572 1927 618 rectus
1956 575 2034 620 est

200 646 308 698 sine
352 646 524 716 aliquo
573 652 666 698 aut
701 662 879 697 errore
928 651 1021 698 aut
1067 643 1225 698 vitio:
1269 644 1362 698 sed
1406 651 1646 715 respectu
1692 664 1870 699 eorum
1917 667 2034 719 quae

198 735 378 799 postea
435 730 810 789 addiscuntur,
860 733 914 779 et
970 727 1148 798 primis
1203 726 1303 780 illis
1356 727 1620 798 principiis
1671 724 2034 791 αὐτοπίστοις

197 811 461 874 accedunt,
503 810 612 863 sive
655 828 721 862 ex
764 809 975 880 propria
1019 812 1381 873 meditatione,
1426 809 1534 863 sive
1577 828 1648 863 ex
1677 810 1846 866 aliena
1879 816 2035 868 insti-

200 895 415 956 tutione,
472 899 551 946 est
605 894 848 946 Habitus
903 894 1233 963 Acquisitus,
1292 899 1347 946 et
1401 899 1575 964 potest
1629 911 1809 948 errore
1865 896 2033 951 aliove

199 975 403 1029 defectu
445 982 536 1029 aut
577 974 701 1028 vitio
737 975 991 1029 laborare.

324 1059 445 1111 XX.
534 1058 639 1111 Sed
668 1058 733 1111 de
770 1059 973 1112 Genere
1001 1056 1115 1129 plus
1152 1058 1310 1112 satis:
1354 1057 1555 1129 reliqua
1583 1078 1884 1130 percurram
1915 1062 2034 1116 bre-

197 1140 327 1194 vius„
418 1141 709 1194 Secundum
743 1140 1052 1194 definitionis
1089 1142 1376 1195 membrum
1404 1149 1483 1194 est
1515 1144 1847 1212 Subjectum:
1876 1145 2033 1216 idque

200 1224 406 1295 duplex,
439 1225 747 1293 Subjectum
776 1242 843 1276 sc.
875 1218 950 1286 οὗ,
988 1230 1041 1277 θῖ
1072 1226 1376 1293 Subjectum
1413 1221 1472 1279 ἐν
1501 1220 1556 1297 ᾧ.
1639 1228 1944 1296 Subjectum
1973 1224 2035 1283 οὗ

200 1314 279 1359 θεῖ
324 1309 540 1368 Homo;
584 1325 674 1359 seu
716 1306 884 1376 potius
939 1308 1206 1360 Creatura
1244 1309 1554 1371 rationalis,
1596 1308 1847 1378 siquidem
1886 1330 2034 1364 accu-

198 1396 313 1442 rate
357 1390 498 1460 loqui
543 1389 769 1443 velimus,
855 1390 992 1441 Nam
1042 1396 1096 1441 et
1143 1391 1365 1459 Anyelis
1417 1389 1583 1443 inesse
1637 1393 2034 1446 Conscientiam

199 1471 499 1525 defectionis
545 1490 665 1535 suae,
717 1477 770 1523 et
812 1488 1075 1540 poenarum
1136 1489 1264 1541 quas
1305 1490 1366 1524 eo
1416 1471 1621 1524 nomine
1678 1481 1798 1527 sunt
1844 1475 2033 1538 daturi,

198 1553 383 1606 indicio
423 1561 517 1616 θεῖ,
566 1553 705 1623 quod
748 1555 849 1605 sen
891 1556 1069 1607 sciunt
1111 1553 1443 1623 torquendOS,
1486 1560 1539 1607 et
1583 1555 1721 1624 quod
1765 1557 2035 1611 credentes

197 1635 501 1689 revelationi
540 1635 769 1689 divinae⁰
815 1637 1226 1689 contremiscunt
1267 1643 1466 1700 tamem
1503 1636 1627 1690 item
1672 1640 1854 1708 quodp
1879 1642 2034 1709 judi-

197 1720 366 1771 candi
395 1726 514 1772 sunt
541 1718 596 1771 in
623 1718 853 1771 adventu
890 1717 1114 1780 Domini,
1156 1726 1209 1772 et
1254 1718 1509 1772 rationem
1557 1720 1814 1775 reddituri
1856 1742 2032 1777 rerum

198 1800 422 1853 omnium
463 1820 496 1854 a
541 1820 596 1854 se
644 1801 914 1854 factarum.
1004 1801 1109 1854 Sed
1155 1801 1394 1871 quoniam
1449 1821 1544 1855 nec
1587 1811 1766 1858 nostra
1815 1806 2033 1860 multum

197 1882 414 1937 interest
439 1902 588 1937 nosse
616 1891 854 1937 naturam
883 1883 1132 1936 mentium
1163 1886 1567 1954 Anyelicarum,
1609 1893 1662 1940 et
1691 1889 1806 1940 Deo
1833 1889 2035 1960 sapien-

197 1965 390 2019 tissimo
428 1967 592 2020 visum
631 1973 712 2019 θεῖ
748 1985 861 2019 eam
905 1966 1201 2036 parcissime
1239 1967 1293 2019 in
1334 1968 1617 2038 Scripturis
1655 1971 1923 2025 revelare:
1969 1973 2034 2025 de

197 2049 304 2101 solo
334 2052 572 2103 Homine
602 2055 882 2120 propterea
916 2049 1262 2102 definitionem
1302 2050 1514 2103 institui.
1605 2051 1673 2104 In
1701 2053 1867 2106 brutis
1897 2055 2033 2107 enim

195 2130 498 2185 animalibus
541 2133 637 2185 etsi
671 2138 923 2202 appareat
972 2134 1317 2185 Conscientiae
1362 2133 1599 2202 quaedam
1641 2135 1782 2189 velut
1828 2138 2031 2200 umbra,

196 2213 327 2266 sicut
355 2221 408 2267 et
437 2217 709 2276 Rationis,
751 2232 865 2265 cum
908 2213 1100 2266 faciant
1128 2214 1386 2276 nonnulla,
1422 2233 1540 2285 quae
1568 2216 1762 2271 habere
1790 2219 2034 2274 videntur

198 2295 417 2365 speciem
446 2297 702 2366 quandam
733 2297 1009 2366 aequitatis
1038 2302 1090 2349 et
1106 2299 1430 2367 prudentiae,
1458 2299 1541 2365 (ut
1570 2306 1688 2353 sunt
1718 2320 1842 2354 sane
1870 2303 2032 2356 admi-

196 2378 364 2431 randa
409 2397 524 2449 quae
568 2379 633 2432 de
677 2380 1125 2448 Elephantorum,
1173 2381 1373 2450 Apum,
1428 2382 1652 2445 Canum,
1710 2384 2032 2456 aliorumque

198 2462 520 2529 quorundam
549 2460 844 2514 animalium
882 2462 1121 2514 Solertia
1155 2470 1438 2516 narrantur
1463 2465 1501 2532 z)
1548 2473 1669 2519 sunt
1709 2473 1885 2520 tamen
1930 2468 2032 2522 ista

198 2543 368 2596 omnia
424 2546 751 2597 Phantasiae
801 2561 975 2613 opera,
1034 2562 1137 2596 non
1188 2547 1450 2598 Rationis
1467 2565 1487 2607 ;
1532 2555 1586 2600 et
1641 2550 1709 2602 ab
1759 2552 2031 2604 Instinctu

196 2624 421 2678 naturali
459 2626 864 2696 proficiscuntur,
910 2644 1013 2678 non
1050 2644 1083 2678 a
1131 2628 1484 2681 Conscientia.
1564 2631 1661 2684 Est
1696 2650 1823 2704 ergo
1853 2635 2031 2687 Homo

195 2707 461 2778 proprium
493 2707 830 2762 Conscientiae
854 2709 1177 2777 Subjectum,
1208 2716 1267 2763 ut
1296 2716 1348 2763 et
1370 2713 1658 2767 Rationis:
1691 2714 1838 2786 isque
1866 2717 2030 2770 omnis

392 2895 412 2915 ¹¹
436 2889 557 2927 Matt.
578 2890 657 2929 viii.
676 2892 737 2931 29.
1003 2901 1022 2921 ⁰
1046 2893 1135 2932 Jac.
1153 2894 1190 2933 ii.
1211 2896 1270 2934 19.
1521 2902 1541 2929 P
1567 2896 1587 2931 1
1609 2894 1701 2932 Cor.
1719 2895 1769 2932 vi.
1786 2896 1822 2933 3.

292 3012 363 3052 20.
427 3008 611 3067 Having
631 3010 809 3068 spoken
829 3011 883 3056 of
908 3011 990 3056 the
1025 3012 1175 3057 Genus
1199 3013 1254 3057 of
1281 3014 1578 3066 conscience,
1608 3027 1677 3057 we
1701 3011 1820 3056 have
1845 3026 1949 3055 now
1979 3017 2030 3057 to

198 3079 342 3135 speak
372 3079 427 3123 of
451 3080 532 3124 the
562 3081 735 3139 Subject
766 3087 817 3126 to
843 3083 995 3127 which
1026 3085 1064 3127 it
1089 3084 1299 3142 belongs.
1363 3085 1646 3129 Conscience
1677 3085 1715 3128 is
1746 3098 1775 3127 a
1805 3084 1951 3127 Habit
1976 3097 2030 3127 or

197 3149 410 3207 Faculty,
443 3151 531 3194 but
565 3165 594 3194 a
625 3153 772 3196 Habit
806 3167 859 3197 or
889 3155 1088 3213 Faculty
1127 3156 1182 3199 of
1216 3157 1341 3200 what
1382 3156 1633 3200 creature?
1684 3156 1754 3199 Το
1794 3155 1901 3207 this,
1946 3154 2028 3198 the

200 3233 377 3264 answer
409 3220 587 3278 plainly
624 3223 677 3274 is,
713 3223 818 3267 that
858 3225 1142 3270 Conscience
1174 3227 1212 3271 is
1244 3241 1273 3270 a
1303 3228 1449 3271 Habit
1486 3229 1546 3284 of
1568 3227 1716 3274 Mam·
1764 3239 1817 3268 or
1854 3225 2030 3278 rather,

201 3304 303 3347 says
325 3304 411 3334 our
437 3290 634 3344 Author,
656 3295 716 3348 of
740 3309 771 3336 a
797 3295 1072 3340 Reasonable
1103 3305 1333 3347 creature;
1364 3298 1440 3342 for
1467 3298 1551 3341 the
1580 3296 1755 3353 Angels
1784 3297 1881 3340 also
1910 3296 2031 3340 have

201 3361 520 3414 Conscience3
562 3363 639 3406 for
674 3363 786 3422 they
822 3365 923 3408 fear
961 3367 1120 3411 future
1155 3369 1491 3425 punishment3
1538 3382 1588 3411 as
1625 3367 1708 3411 the
1753 3368 1844 3411 evil
1883 3369 2032 3425 spirit,

199 3433 368 3477 Matth.
394 3434 484 3477 viii.
509 3438 579 3486 29,
602 3435 717 3479 cries
747 3440 843 3488 out,
862 3436 992 3480 “Art
1021 3437 1138 3481 thou
1171 3453 1303 3483 come
1333 3445 1383 3483 to
1413 3443 1621 3482 torment
1655 3452 1709 3481 us
1746 3438 1911 3482 before
1948 3439 2030 3483 the

199 3503 381 3547 time?''
430 3504 551 3557 And,
581 3506 740 3550 James
775 3508 822 3550 ii.
858 3512 928 3559 19,
962 3508 1104 3552 “The
1133 3509 1276 3553 devils
1312 3510 1493 3553 believe
1522 3509 1615 3553 and
1647 3510 1903 3554 tremble:”
1937 3511 2031 3554 and

201 3579 226 3617 1
261 3575 367 3619 Cor.
392 3577 449 3619 vi.
479 3581 520 3628 3,
557 3576 730 3636 “They
750 3592 831 3622 are
864 3583 915 3622 to
947 3579 1008 3623 be
1032 3580 1211 3637 judged
1240 3580 1304 3638 by
1323 3581 1405 3624 the
1430 3581 1574 3625 saints
1599 3585 1649 3624 at
1676 3581 1755 3624 the
1776 3582 1961 3639 coming
1981 3582 2036 3626 of

201 3645 281 3689 the
316 3647 487 3691 Lord.”
548 3649 643 3692 But
675 3663 725 3693 as
757 3664 826 3693 we
858 3650 1007 3701 know,
1037 3651 1130 3694 and
1156 3652 1278 3695 need
1302 3656 1351 3696 to
1382 3652 1533 3705 know,
1555 3666 1605 3697 so
1626 3652 1747 3697 little
1773 3653 1828 3697 of
1842 3653 2031 3712 Angels‚

201 3730 269 3760 we
290 3718 447 3773 speak,
467 3719 516 3761 in
541 3719 622 3763 the
647 3721 919 3773 Definition,
945 3721 997 3765 of
1013 3722 1128 3765 Man
1149 3723 1272 3781 only.

306 3789 444 3832 Some
465 3789 642 3841 brutes,
669 3806 718 3835 as
745 3792 1001 3850 elephants,
1018 3793 1145 3845 bees,
1169 3794 1296 3851 dogs,
1315 3808 1490 3853 appear
1509 3800 1560 3840 to
1591 3795 1711 3840 have
1734 3809 1764 3840 a
1796 3797 2033 3854 glimmer-
