2482 4166
1247 264 1332 298 Vlll

328 384 465 436 tum
507 377 736 437 factum
770 378 917 457 jam,
964 385 1033 437 ut
1078 377 1142 436 in
1183 384 1428 437 senecta
1465 383 1647 436 aetate
1687 397 1797 456 par
1837 385 1943 444 est,
1979 377 2174 436 multo

331 479 514 540 etiam
557 479 901 559 pigriorem,
947 479 1012 538 in
1061 479 1317 539 eandem
1359 499 1608 539 arenam
1645 480 1843 540 denuo
1873 480 2172 559 pellicere.

331 583 575 643 Bonum
615 584 871 643 factum:
920 582 1084 661 quod
1131 582 1195 641 in
1239 583 1356 643 hoc
1399 590 1528 642 tam
1568 583 1843 644 luctuoso
1889 583 2175 644 Civilium

329 685 561 764 pariter
616 692 680 744 et
737 684 1303 744 Ecclesiasticarum
1370 705 1578 745 rerum
1637 694 1818 759 statU,
1890 685 2037 765 (nisi
2097 688 2175 745 sit

334 788 503 847 nefas
558 794 786 846 statum
841 786 1056 858 dicere,
1115 808 1252 867 quae
1311 808 1481 848 mera
1524 790 1908 850 ἀκαταστασία
1967 788 2060 855 sit,
2113 795 2175 847 et

331 888 860 968 perturbatissima
916 910 1125 949 rerum
1185 890 1457 951 omnium
1504 891 1822 968 confusio,)
1868 910 2026 951 unus
2071 889 2175 949 ali-

332 990 467 1069 quis
510 991 667 1050 forte
711 991 978 1052 melioris
1022 992 1152 1064 luti,
1199 1001 1260 1053 et
1302 994 1460 1053 alter
1501 1002 1781 1073 repertus
1821 993 2023 1065 fuerit,
2067 991 2173 1072 qui

333 1092 539 1152 tristes
569 1093 776 1153 Musas
796 1094 1232 1174 Musarumque
1261 1117 1624 1176 quocunque
1650 1097 1714 1155 in
1739 1117 1960 1176 genere
1984 1096 2176 1155 alum-

336 1216 462 1266 nOS,
523 1195 789 1256 maxime
849 1197 956 1276 qui
1013 1218 1173 1257 verae
1239 1206 1300 1258 et
1359 1198 1717 1259 Christianae
1776 1197 2175 1278 philosophiae

331 1299 717 1378 professoreS,
751 1307 989 1379 spretos
1019 1299 1248 1380 ubique
1280 1309 1340 1361 et
1374 1303 1542 1361 velut
1572 1301 1785 1361 mundi
1815 1301 2177 1362 retrimenta

334 1401 617 1480 abjectos,
672 1410 845 1461 curet
884 1402 1152 1481 alloquio
1197 1403 1420 1482 aliquo,
1470 1411 1577 1464 aut
1623 1404 1923 1464 levamine
1971 1402 2174 1464 solari.

337 1502 404 1563 Si
435 1502 583 1582 quid
611 1502 798 1582 igitur
837 1505 993 1582 (Deo
1033 1505 1171 1583 Opt.
1205 1506 1364 1565 Max.
1398 1507 1685 1582 donante)
1729 1507 1981 1586 posthac
2023 1505 2175 1565 mihi

335 1604 400 1663 in
435 1605 550 1665 hoc
593 1626 815 1685 genere
861 1604 1220 1684 scriptionis,
1267 1606 1383 1666 hoc
1426 1615 1534 1679 est,
1568 1609 1732 1687 quod
1759 1609 1836 1667 ad
1864 1609 2173 1669 Moralem

341 1709 732 1787 Theoloyiam
789 1708 1107 1789 pertineat,
1180 1717 1489 1770 tentatum
1547 1711 1900 1791 editumque
1972 1710 2172 1781 fuerit,

335 1810 460 1871 sive
507 1810 568 1870 id
612 1810 829 1871 Latino
875 1811 1163 1872 idiomate
1212 1814 1333 1884 fiat,
1391 1813 1514 1873 sive
1565 1814 1754 1893 (quod
1800 1813 1993 1874 sentio
2044 1834 2173 1874 esse

333 1913 639 1993 plerisque
695 1913 1059 1973 nostratium
1112 1914 1427 1994 aliquanto
1481 1916 1773 1995 optatius)
1827 1917 2171 1987 vernacuIO,

339 2016 502 2095 quod
532 2024 638 2075 aut
669 2015 730 2074 in
760 2015 1073 2094 publicum
1103 2016 1269 2088 utile,
1294 2026 1400 2077 aut
1430 2019 1667 2098 privato
1699 2019 1890 2080 cuivis
1922 2018 2171 2089 homini,

338 2119 415 2178 ad
467 2118 654 2178 vitam
712 2125 877 2178 recte
936 2118 1387 2191 instituendam,
1441 2142 1762 2201 moresque
1818 2141 1894 2182 ex
1954 2121 2172 2181 divinae

339 2220 515 2300 Legis
556 2229 617 2281 et
657 2221 974 2301 Evangelii
1013 2221 1366 2301 praescripto
1407 2225 1825 2295 efformandos,
1865 2224 2002 2284 usui
2046 2245 2173 2284 esse

340 2323 601 2402 poterit:
666 2323 728 2382 id
785 2323 900 2383 tibi
968 2323 1234 2403 plurima
1292 2345 1368 2384 ex
1424 2333 1598 2404 parte
1657 2333 1974 2406 acceptum
2031 2325 2176 2386 ferri

342 2426 579 2498 debere,
629 2433 690 2485 et
735 2446 998 2505 agnosco
1043 2427 1276 2498 lubenS,
1337 2434 1397 2486 et
1441 2427 1629 2488 libere
1688 2431 2014 2507 profiteor3
2072 2429 2176 2508 qui

342 2527 494 2586 mihi
539 2535 599 2586 et
643 2536 712 2586 ut
753 2529 1041 2588 auderem
1083 2536 1298 2588 auctor
1339 2528 1507 2588 fuisti
1544 2537 1605 2589 et
1646 2538 1715 2589 ut
1755 2531 2015 2591 alacrius
2043 2552 2175 2610 per-

339 2651 546 2709 gerem
598 2631 857 2709 adjutor.
943 2633 1137 2711 Perge
1191 2639 1252 2691 et
1302 2638 1388 2703 tu,
1440 2631 1532 2690 vir
1583 2632 1946 2712 dignissime,
1994 2635 2175 2694 bene-

341 2733 575 2792 facere:
623 2733 739 2792 hoc
798 2741 905 2804 est,
956 2735 1122 2812 quod
1179 2733 1325 2793 facis
1382 2734 1612 2805 facere3
1673 2734 1881 2795 literas
1940 2755 2172 2808 ornare,

343 2835 620 2895 literatos
663 2835 884 2906 fovere,
928 2836 1224 2915 pietatem
1265 2837 1480 2909 colere,
1525 2837 1677 2898 fidos
1719 2838 1834 2897 tibi
1881 2858 1957 2897 ex
2003 2838 2174 2897 infidi

342 2939 709 2997 Mammonae
739 2937 1045 3017 impendio
1074 2939 1300 2999 amicos
1333 2960 1719 3020 comparare:
1766 2948 1836 2999 ut
1875 2961 1951 3000 ex
1986 2942 2173 3001 ubere

343 3042 643 3100 bonorum
677 3061 930 3119 operum
969 3040 1032 3099 in
1071 3042 1187 3102 hoc
1233 3043 1434 3102 seculo
1476 3050 1759 3115 semente,
1809 3042 2019 3122 ingens
2060 3042 2175 3102 tibi

343 3151 553 3223 surgat
610 3151 856 3203 aeternae
915 3143 1229 3205 beatitatis
1290 3145 1500 3206 messis
1558 3146 1621 3205 in
1684 3146 1885 3206 seculo
1949 3146 2171 3216 futuro,

345 3249 561 3308 Amen.

417 3434 672 3483 Bothebiae
707 3436 1105 3499 Payanellorum

488 3526 544 3570 in
581 3542 706 3588 ayro
743 3528 1091 3576 Lincolnicnsi.

490 3631 524 3660 x
566 3614 672 3663 Cal.
712 3617 939 3667 Decemb.
978 3631 1222 3667 M.DC.L1X.
