2482 4166
682 622 1211 693 BENEVOLO
1286 619 1719 688 LECTORI

961 801 1051 868 EZ
1099 801 1447 889 πράττειν.

363 1279 414 1332 N
456 1278 622 1350 primo
661 1277 836 1331 statim
872 1279 1091 1330 Limine
1119 1275 1246 1327 mihi
1274 1272 1653 1328 conveniendus
1684 1289 1754 1336 es,
1789 1272 2018 1343 quisquis
2057 1290 2129 1334 ες,

405 1377 577 1428 amice
629 1376 841 1436 Lector,
902 1372 1247 1441 orandusque,
1304 1377 1365 1424 ut
1421 1369 1624 1440 patiare
1669 1375 1724 1421 te
1772 1368 1951 1438 paucis
2007 1375 2130 1421 ante

289 1469 509 1532 edoceri,
541 1487 696 1540 quam
738 1469 793 1521 in
828 1468 967 1539 ipsas
1008 1470 1145 1522 oedes
1173 1465 1410 1518 intuleris
1439 1464 1643 1535 pedem,
1674 1481 1790 1533 quae
1821 1481 1913 1516 nos
1941 1482 2129 1525 causa,

289 1565 358 1618 ad
384 1565 564 1618 isthaec
594 1582 711 1635 quae
739 1581 874 1616 nunc
903 1563 1085 1615 damus
1119 1561 1443 1630 evulyanda,
1485 1559 1804 1631 potissimum
1848 1560 2127 1630 impulerit.

290 1661 561 1732 Equidem,
607 1660 650 1713 si
692 1678 789 1731 per
832 1658 961 1711 alios
996 1657 1238 1719 licuisset,
1286 1656 1483 1710 inedita
1527 1656 1698 1709 malui.
1790 1656 1886 1709 Cui
1926 1657 2004 1709 rei
2046 1658 2131 1710 vel

289 1758 387 1811 hoc
414 1776 572 1810 unum
601 1755 725 1809 satis
754 1773 944 1827 magno
973 1759 1284 1826 argumento
1321 1770 1433 1805 esse
1475 1758 1683 1823 posset3
1728 1750 1867 1822 quod
1902 1754 2132 1806 Praelec-

294 1856 475 1917 tiones,
506 1853 702 1923 aliquot
730 1858 852 1904 ante
880 1868 1043 1903 annos
1082 1849 1207 1901 mihi
1249 1855 1624 1911 commentatae,
1663 1854 1775 1901 toto
1803 1848 1920 1919 plus
1949 1849 2131 1901 decen-

292 1950 378 2002 nio
419 1968 485 2003 ne
527 1950 760 2020 pluteum
807 1946 1016 2017 quidem
1060 1944 1416 2007 servaverint3
1462 1944 1555 1997 sed
1598 1943 1817 2014 sparsim
1846 1944 1899 1996 in
1928 1945 2133 2017 angulis

293 2047 428 2100 inter
483 2044 761 2117 rejectitias
811 2050 865 2096 et
921 2041 1069 2094 nihili
1127 2042 1338 2094 chartas
1394 2040 1647 2112 neglectae
1690 2039 1986 2109 jacuerint:
2037 2040 2135 2093 nisi

294 2142 419 2195 mihi
445 2141 584 2195 aliud
613 2145 913 2210 suppeteret
941 2136 1199 2209 gravioris
1227 2135 1474 2188 momenti
1499 2141 1878 2206 argumentum,
1916 2142 1969 2189 et
1996 2137 2136 2206 quod

295 2258 386 2292 suo
433 2257 489 2291 se
533 2236 719 2290 indicio
768 2233 959 2306 prodit,
1016 2235 1209 2303 Operis·
1250 2234 1428 2302 ipsius
1465 2234 1815 2302 impevfectio.
1907 2233 2136 2304 Scripto-

295 2353 408 2387 rem
438 2333 572 2386 enim
601 2337 822 2402 oportet,
862 2328 950 2400 qui
984 2328 1134 2399 sapit,
1173 2328 1522 2400 dignitatique
1551 2347 1658 2381 suae
1686 2335 1739 2382 et
1768 2328 2136 2383 existimationi

296 2429 583 2483 consultum
638 2426 793 2498 cupit,
849 2425 1111 2496 inceptum
1168 2443 1297 2496 opus
1354 2426 1423 2478 ad
1472 2425 1768 2479 umbilicum
1812 2427 2132 2497 perducere3

295 2544 390 2579 nec
418 2525 561 2597 prius
589 2523 655 2577 de
694 2521 977 2576 emittendo
1007 2520 1255 2592 cogitare,
1284 2538 1441 2590 quam
1476 2520 1637 2574 fuerit
1681 2522 1761 2588 (ut
1788 2539 1904 2573 cum
1943 2523 1974 2555 *
1992 2525 2136 2577 Cice-

296 2640 423 2675 rone
463 2620 667 2690 loquar)
713 2628 903 2687 aptum
945 2618 1200 2686 undique,
1226 2618 1544 2686 perfectum,
1576 2617 1941 2686 expletumque
1970 2621 2138 2671 omni-

299 2720 394 2771 bus
421 2719 537 2770 suis
562 2716 824 2785 partibus
850 2723 899 2766 et
926 2714 1180 2765 numeris.
1243 2711 1512 2782 Siquidem
1540 2711 1738 2766 frustra
1765 2712 1887 2766 inde
1924 2715 2139 2767 laudem

296 2830 487 2884 spereS,
517 2811 655 2864 unde
682 2809 897 2880 pulchre
924 2815 1096 2862 tecum
1126 2813 1298 2861 actum
1327 2815 1494 2879 puteS,
1536 2809 1578 2862 si
1615 2826 1712 2879 pro
1741 2808 1894 2862 laude
1923 2812 2138 2863 veniam

297 2926 546 2962 mereare.

426 3005 565 3069 Quid
608 3001 782 3076 ergo?
854 3003 1101 3056 Amicine
1129 3004 1190 3055 in
1220 3020 1391 3055 causa
1411 3003 1440 3055 ,Ρ
1524 3000 1626 3065 Qui
1661 3001 1828 3055 solent
1852 3001 1991 3055 ultro
2023 3021 2141 3056 cur-

298 3107 501 3154 rentem
528 3100 584 3153 in
611 3101 724 3152 haec
750 3099 862 3152 fata
896 3097 1085 3151 fortius
1119 3097 1405 3168 impellere,
1447 3097 1712 3150 cunctanti
1750 3098 1983 3151 stimulos
2022 3100 2140 3152 sub-

293 3197 498 3267 jicere?
582 3196 666 3248 Ne
716 3197 815 3248 hoc
868 3194 1077 3264 quidem
1134 3193 1386 3247 dederim.
1477 3194 1763 3246 Commune
1821 3195 1959 3247 enim
2012 3195 2141 3247 illud

300 3292 665 3363 plerorumque
702 3289 1139 3360 scripturientium
1183 3287 1496 3360 confugium,
1542 3288 1843 3357 (amicorum
1872 3289 1985 3341 dico
2015 3290 2141 3341 hor-

302 3394 442 3440 tatus
470 3393 523 3439 et
551 3386 711 3453 vota,)
753 3391 813 3437 ut
854 3384 1132 3436 concedam
1160 3383 1357 3436 habere
1386 3401 1536 3454 posse
1564 3401 1932 3453 nonnunquam
1962 3386 2142 3439 hones-

306 3495 372 3538 tae
410 3484 770 3538 excusationis
806 3480 990 3542 locum,
1036 3479 1106 3532 sic
1145 3478 1271 3531 mihi
1313 3497 1577 3549 nunquam
1620 3480 1815 3534 habere
1854 3481 2019 3536 visum
2062 3490 2142 3537 est

299 3580 457 3650 justae
497 3586 551 3633 et
593 3581 798 3633 idoneae
840 3595 1018 3630 causoe
1061 3574 1242 3630 instar.
1331 3574 1436 3627 Sed
1479 3593 1573 3627 nec
1603 3575 1816 3630 defuere
1845 3584 2020 3631 tamen
2051 3579 2142 3648 (sic

710 3788 733 3811 ⁴*
760 3789 823 3826 De
842 3788 997 3826 Natura
1012 3789 1205 3836 Deorum,
1226 3787 1332 3836 [Lib.
1348 3798 1396 3825 11.
1414 3799 1500 3835 cap.
1518 3786 1598 3824 xiii.
1617 3784 1737 3833 extra]
