2482 4166
799 261 1182 305 PRAELEGTIO
1227 260 1503 312 QUARTA.
2005 258 2073 310 95

361 391 456 445 VI.
545 386 820 442 Sciendum
867 388 1069 457 quinte,
1117 404 1232 439 cum
1267 386 1512 457 quicquid
1555 386 1709 441 alteri
1753 390 2074 457 attribuitur,

238 472 554 527 attribuatur
584 470 668 525 vel
687 489 791 540 per
819 489 888 532 se,
913 469 996 523 vel
1023 488 1130 523 non
1151 488 1254 539 per
1282 488 1336 523 se
1343 489 1364 531 ‚·
1393 470 1550 539 idque
1573 469 1761 523 iterum
1784 471 2075 543 dupliciter,

239 555 323 608 vel
363 573 468 608 non
501 573 607 625 per
640 571 713 615 se,
747 552 780 606 i.
802 570 846 606 e.
873 571 979 622 per
1008 554 1182 614 aliud,
1214 552 1296 605 vel
1319 571 1425 606 non
1445 572 1549 622 per
1576 571 1646 616 se,
1677 552 1710 606 i.
1731 571 1777 608 e.
1798 573 1903 624 per
1933 559 2077 609 acci-

238 640 367 691 dens
386 658 403 690 .·
460 654 545 689 res
589 635 702 689 illas
739 634 971 706 proinde,
1017 634 1203 705 quibus
1237 633 1315 688 vis
1349 636 1633 704 obliyandi
1685 638 2079 691 Conscientiam

238 719 420 790 quovis
447 718 598 771 modo
627 717 844 771 attribui
873 735 1021 788 posse
1051 716 1273 780 videtur,
1306 735 1417 770 esse
1446 719 1501 770 in
1539 717 1730 789 triplici
1766 719 2076 774 discrimine.

239 801 339 857 Vel
382 801 517 855 enim
551 803 736 871 primo
776 802 1019 870 obliyant
1065 800 1440 853 Conscientiam
1475 819 1579 870 per
1621 819 1674 854 se
1716 804 2039 872 simpliciter
2056 823 2077 865 ,-

238 885 336 937 hoc
377 891 470 948 est,
507 884 702 937 directe
743 902 808 936 ex
844 901 900 937 se
946 890 1000 936 et
1036 882 1089 936 vi
1128 882 1342 954 propria
1380 882 1628 955 obligant,
1669 902 1772 936 non
1815 885 1979 937 solum
2021 892 2081 939 ut

240 964 310 1021 τὸ
337 986 443 1037 per
470 985 523 1020 se
550 966 827 1036 opponitur
857 967 937 1038 τῷ
958 985 1063 1035 per
1093 967 1359 1027 accidens,
1390 966 1482 1018 sed
1512 965 1667 1019 etiam
1703 973 1762 1020 ut
1801 968 2080 1039 opponitur

240 1052 323 1121 τῷ
343 1068 447 1120 per
476 1050 635 1102 aliud
651 1068 671 1109 ;
724 1047 826 1103 Vel
853 1051 1081 1102 secando
1107 1050 1350 1117 obliyant
1368 1068 1474 1118 per
1502 1068 1556 1102 se
1589 1053 1891 1119 respective,
1923 1058 2080 1121 prout

240 1130 311 1186 τὸ
332 1150 435 1201 per
463 1150 516 1185 se
546 1131 821 1201 opponitur
851 1133 931 1202 τῷ
950 1149 1055 1201 per
1077 1133 1342 1194 accidens,
1364 1131 1456 1184 sed
1484 1150 1587 1184 non
1617 1140 1773 1201 prout
1803 1134 2079 1204 opponitur

243 1216 326 1287 τῷ
346 1233 450 1284 per
476 1215 670 1274 aliud;
714 1214 812 1266 hoc
841 1220 934 1275 est,
977 1215 1220 1282 obliyant
1253 1231 1357 1265 non
1393 1232 1458 1265 ex
1498 1213 1550 1266 vi
1588 1232 1681 1266 sua
1719 1216 1949 1285 propria,
1987 1216 2080 1270 sed

242 1297 437 1350 virtute
485 1296 698 1366 alicujus
742 1295 955 1348 alterius
994 1295 1099 1348 vim
1139 1296 1421 1365 obliyandi
1459 1296 1730 1349 habentis:
1778 1299 1879 1352 Vel
1924 1302 2080 1353 tertio

243 1381 486 1448 obliqant
504 1397 609 1449 per
634 1380 883 1432 accidens
914 1388 1142 1440 tantum,
1184 1384 1237 1430 et
1266 1384 1452 1430 neutro
1482 1378 1633 1431 modo
1667 1398 1773 1448 per
1804 1399 1871 1434 86.
1942 1381 2081 1444 Quin

243 1469 297 1515 et
325 1462 379 1514 in
411 1460 509 1513 illis
543 1479 659 1531 quae
698 1463 925 1514 secundo
968 1462 1122 1512 modo
1162 1457 1392 1530 obligant
1434 1459 1708 1512 discrimen
1742 1462 1953 1532 aliquod
1992 1463 2081 1516 ob-

244 1543 555 1598 servandum
586 1549 680 1604 est,
711 1559 806 1611 pro
837 1541 1043 1594 diversa
1070 1540 1272 1594 ratione
1301 1541 1435 1593 illius
1465 1559 1632 1594 causae
1668 1560 1734 1594 ex
1777 1561 1881 1613 qua
1916 1544 2081 1597 oritur

250 1627 543 1694 Obtiyatio.
629 1623 798 1676 Aliter
827 1623 962 1676 enim
999 1642 1054 1676 se
1088 1641 1173 1676 res
1215 1623 1390 1686 habet,
1429 1642 1544 1677 cum
1577 1642 1643 1677 ex
1680 1627 1862 1679 aliena
1899 1637 2081 1680 aucto-

243 1710 411 1761 ritate
439 1706 726 1759 necessario
755 1705 1016 1759 inducitur
1047 1707 1337 1776 obliyatio:
1380 1706 1547 1769 aliter,
1591 1725 1707 1760 cum
1749 1727 1813 1761 ex
1840 1712 2082 1780 propria

243 1791 515 1843 voluntate
542 1796 725 1859 sponte
754 1789 1096 1844 contrahitur.
1165 1790 1249 1841 Ex
1278 1789 1463 1859 quibus
1493 1790 1727 1844 omnibus
1757 1792 1989 1856 efficitur,
2020 1799 2082 1846 ut

243 1872 345 1926 sint
379 1890 556 1925 eorum
599 1890 716 1942 quae
759 1873 1002 1941 obliyant
1045 1873 1438 1926 Conscientiam
1476 1873 1670 1944 gradus
1705 1875 1909 1927 omnino
1950 1895 2082 1945 qua-

246 1965 381 2008 tuor.
461 1954 701 2024 Exempli
735 1954 908 2026 gratia
938 1955 1018 2022 (ut
1055 1961 1109 2007 et
1141 1972 1204 2007 ea
1242 1973 1359 2024 quae
1396 1955 1535 2008 dicta
1563 1963 1683 2009 sunt
1710 1957 1901 2009 rectius
1932 1957 2082 2010 intel-

244 2036 432 2109 ligatis,
464 2044 517 2090 et
545 2055 722 2089 eorum
753 2055 869 2106 quae
899 2037 1115 2089 dicenda
1144 2036 1315 2104 forent
1340 2038 1523 2089 rudem
1544 2039 1802 2107 quandam
1831 2037 2083 2116 ὑπογρα-

248 2117 364 2196 φὴν
390 2116 455 2175 ὠς
477 2116 531 2173 ἐν
552 2116 710 2191 τύπῳ
728 2118 1010 2187 habeatis;)
1044 2118 1256 2190 Obligat
1267 2121 1468 2187 prima
1481 2138 1586 2189 per
1609 2138 1662 2173 86
1680 2132 1729 2174 et
1748 2124 1805 2174 vi
1823 2125 2080 2192 propria,

249 2219 549 2272 expressum
591 2202 694 2253 Dei
730 2201 1027 2253 mandatum
1051 2221 1064 2253 ε
1110 2200 1360 2271 Obligant
1388 2204 1630 2264 secunda
1662 2203 1803 2256 nulla
1832 2211 2006 2257 tamen
2032 2204 2083 2259 vi

248 2302 356 2346 sua,
387 2283 478 2336 sed
506 2284 704 2336 virtute
732 2284 911 2335 divini
929 2284 1206 2352 praecepti,
1245 2283 1414 2354 Leges
1457 2284 1698 2338 humanae
1738 2292 1791 2338 et
1837 2287 2084 2341 mandata

252 2365 624 2437 Super-iorum:
672 2365 922 2437 Obligant
953 2367 1125 2428 tertie,
1167 2383 1232 2417 ex
1270 2365 1437 2418 libera
1472 2365 1717 2438 cujusque
1753 2368 2001 2422 electione
2029 2377 2083 2424 et

232 2451 397 2519 facto
414 2450 662 2519 proprio,
690 2466 805 2501 cum
834 2447 882 2500 ei
896 2447 1157 2519 integrum
1185 2454 1306 2500 ante
1336 2455 1471 2502 esset
1501 2448 1652 2502 aliter
1679 2450 1874 2514 fecisse,
1900 2459 2084 2522 sponte

249 2539 488 2603 suscepta
527 2532 694 2586 Vota:
737 2541 933 2600 quarto
962 2529 1197 2599 denique,
1239 2536 1293 2582 et
1319 2549 1382 2583 ex
1411 2533 1700 2596 accidente,
1740 2533 1937 2606 obligat
1972 2535 2084 2588 Lex

249 2614 358 2668 sive
387 2613 520 2667 ratio
552 2612 807 2666 Scandali.

371 2697 496 2751 VII.
589 2695 864 2750 Sciendum
911 2697 1117 2759 ultimO,
1186 2697 1580 2766 Obliyationem
1636 2697 1774 2750 illam
1830 2698 2087 2754 duntaxat

249 2797 366 2849 quae
390 2785 469 2832 est
491 2781 551 2832 in
569 2781 756 2849 primo
782 2781 967 2848 ιᾳναοῐα
992 2797 1102 2831 esse
1133 2780 1439 2832 absolutam
1473 2786 1526 2832 et
1562 2783 1920 2835 universalem
1940 2803 1960 2844 ,·
2003 2802 2086 2836 re-

247 2862 413 2932 liquas
441 2869 549 2915 tres
574 2863 837 2915 relativas
866 2868 919 2914 et
937 2863 1329 2930 particulares.
1419 2861 1518 2915 Illa
1547 2865 1797 2917 absoluta
1827 2872 1920 2928 est,
1966 2865 2087 2935 quia

339 3060 378 3101 6.
441 3058 596 3114 Fifth:
631 3057 783 3102 There
804 3073 884 3103 are
908 3058 1016 3103 four
1036 3073 1157 3118 ways
1178 3060 1226 3102 in
1252 3060 1401 3104 which
1427 3059 1690 3118 something
1708 3074 1817 3118 may
1835 3060 1895 3104 be
1916 3060 2016 3104 said
2036 3064 2086 3103 to

250 3127 404 3184 oblige
421 3128 726 3173 Conscience:
751 3128 813 3181 1⁰,
833 3130 934 3174 The
952 3131 1152 3188 Express
1171 3131 1430 3174 Command
1445 3132 1499 3175 of
1515 3132 1619 3175 God
1637 3132 1812 3188 obliges
1829 3132 1879 3182 it,
1895 3130 1949 3174 of
1962 3131 2093 3175 itself

251 3197 346 3240 and
363 3197 427 3254 by
450 3198 510 3241 its
535 3212 707 3255 proper
725 3199 879 3243 force:
918 3199 981 3253 2⁰,
1010 3201 1200 3244 Human
1219 3202 1352 3246 Laws
1375 3202 1528 3259 oblige
1558 3204 1609 3255 it,
1636 3207 1720 3245 not
1747 3202 1810 3259 by
1836 3201 1960 3245 their
1984 3214 2087 3245 own

251 3268 395 3320 force,
410 3267 497 3311 but
517 3269 566 3310 in
582 3269 733 3312 virtue
755 3270 809 3313 of
827 3270 908 3313 the
930 3272 1084 3314 divine
1104 3272 1376 3315 commandz
1411 3270 1474 3325 3⁰,
1498 3273 1596 3316 Our
1617 3287 1720 3316 own
1738 3272 1972 3316 Promises
1994 3272 2088 3316 and

251 3339 390 3382 Vows
422 3338 574 3396 oblige
593 3339 644 3391 it,
674 3339 738 3396 by
763 3353 849 3383 our
874 3354 977 3383 own
1009 3342 1210 3385 election
1243 3343 1337 3385 and
1369 3347 1465 3387 act:
1499 3341 1563 3395 4⁰,
1594 3343 1695 3387 The
1716 3344 1837 3386 Fear
1858 3342 1913 3386 of
1929 3344 2088 3401 giving

253 3410 446 3454 Offence
468 3409 643 3467 obliges
664 3410 714 3462 it,
734 3410 969 3467 by'virtue
994 3411 1048 3455 of
1067 3425 1096 3455 a
1121 3413 1360 3456 collateral
1384 3414 1477 3456 and
1503 3414 1762 3457 accidental
1787 3413 2031 3458 influence.

349 3477 393 3537 [I
418 3481 478 3524 do
505 3486 589 3525 not
610 3486 809 3539 attempt
835 3486 884 3525 to
908 3483 1013 3539 give
1037 3482 1119 3526 the
1151 3484 1348 3541 analysis
1369 3483 1432 3541 by
1456 3483 1606 3527 which
1627 3498 1713 3528 our
1733 3484 1916 3528 Author
1941 3485 2087 3529 shews

251 3551 356 3595 that
389 3552 523 3596 there
556 3561 674 3596 must
705 3554 750 3596 be
773 3553 882 3596 four
902 3552 1016 3596 such
1037 3567 1157 3611 ways
1184 3554 1234 3596 in
1265 3554 1412 3597 which
1431 3554 1587 3612 things
1608 3569 1715 3614 may
1734 3556 1795 3600 be
1820 3556 1921 3600 said
1944 3561 1994 3600 to
2026 3557 2086 3600 do

252 3622 492 3680 anything,
517 3624 593 3667 for
617 3624 841 3676 instance,
867 3628 916 3667 to
942 3625 1120 3681 impose
1141 3638 1201 3668 an
1227 3624 1517 3681 obligationJ.

347 3695 387 3739 7.
451 3694 605 3738 Sixth:
650 3695 718 3739 Of
748 3695 828 3739 the
862 3695 970 3739 four
994 3696 1155 3739 modes
1193 3696 1247 3739 of
1275 3696 1543 3753 Obligation
1571 3698 1671 3754 just
1695 3670 1980 3753 mentioned,
2006 3699 2087 3743 the

255 3764 357 3808 first
378 3764 487 3823 only
517 3766 555 3810 is
585 3766 798 3810 absolute
818 3767 910 3810 and
931 3767 1179 3820 universal,
1199 3767 1280 3811 the
1310 3767 1445 3812 three
1479 3768 1635 3814 others
1666 3783 1746 3814 are
1777 3770 1970 3815 relative
1993 3771 2086 3813 and
