2482 4166
394 294 501 344 282
643 300 730 343 DE
770 299 999 344 LEGUM
1037 297 1460 344 HUMANARUM
1500 299 1705 344 CAUSA
1743 299 1975 345 FINALI.

396 445 507 481 esse
551 425 733 486 ἁπλῶς
769 432 823 480 et
871 425 1104 480 absolute
1146 426 1634 496 praestantissimam,
1677 434 1731 481 et
1776 428 1975 482 duabus
2016 428 2225 500 reliquis

394 509 568 562 multis
602 509 890 562 nominibus
919 508 1359 579 anteponendam.
1447 510 1564 561 Hoc
1600 510 1781 580 posito,
1817 510 2070 564 Existimo
2101 515 2223 582 pri·
2249 523 2271 565 1

394 611 556 654 mum,
595 609 746 663 posse
782 590 1037 661 Populum
1079 589 1143 658 (si
1185 589 1309 660 ipsis
1351 590 1517 644 visum
1559 592 1738 661 fuerit)
1767 595 2002 662 reyimen
2028 595 2224 647 Demo-

393 676 664 728 cratioum
718 673 773 726 in
828 671 1250 725 Aristocraticum
1305 671 1389 724 vel
1443 673 1832 726 Monarchicum
1888 682 2221 732 commutare.

394 756 671 826 ImprimiS,
702 755 824 826 quia
852 753 1059 807 videtur
1087 769 1199 804 esse
1237 756 1584 807 commutatio
1624 756 1686 806 in
1725 756 1931 809 melius.
2009 756 2225 809 Accedit

395 837 536 906 quod
562 837 616 890 in
643 837 1002 891 Democratia
1029 851 1228 886 summa
1265 833 1477 902 Imperii
1519 840 1599 887 est
1640 852 1798 904 penes
1838 836 2005 905 ipsum
2043 840 2224 907 Popu-

397 920 509 971 lum
527 940 548 979 ,·
592 918 668 971 ita
696 924 755 971 ut
782 916 944 987 possit
959 915 1199 984 populus
1233 914 1298 967 de
1340 932 1397 967 se
1432 921 1589 984 prout
1631 915 1730 968 sibi
1763 915 1965 969 libitum
2007 924 2087 970 est
2127 936 2223 988 pro

395 1017 488 1052 suo
506 999 627 1069 jure
655 1005 903 1060 statuere,
933 995 1207 1049 dummodo
1236 995 1363 1047 nulli
1387 996 1479 1048 fiat
1513 996 1714 1066 injuria.
1795 997 2044 1068 Injuriam
2082 999 2226 1052 deni-

395 1098 497 1149 que
525 1098 558 1133 a
593 1079 783 1150 populo
816 1076 1102 1132 istiusmodi
1137 1076 1340 1147 imperii
1373 1077 1729 1132 immutatione
1768 1080 1896 1132 nulli
1931 1080 2226 1134 mortalium

393 1161 523 1224 fieri,
570 1161 853 1215 certissima
900 1177 987 1212 res
1032 1165 1139 1212 est:
1179 1177 1283 1211 non
1328 1158 1481 1212 alteri
1524 1159 1775 1229 cuiquam,
1823 1161 1945 1230 quia
1975 1163 2072 1230 jus
2120 1181 2227 1216 non

393 1244 614 1296 habenti
657 1262 761 1296 non
810 1242 869 1294 fit
914 1240 1139 1311 injuria;
1186 1258 1282 1293 nec
1326 1240 1449 1311 ipsis
1497 1249 1680 1311 sponte
1722 1242 2055 1306 mutantibuS,
2103 1243 2226 1313 quia

397 1326 623 1378 Svolenti
649 1344 753 1378 non
780 1324 839 1378 fit
866 1323 1068 1393 injuria.
1156 1321 1410 1376 Existimo
1438 1326 1683 1387 secundo,
1713 1324 1780 1378 ab
1807 1342 1982 1378 omnes
2019 1326 2225 1378 easdem
2247 1338 2278 1379 2

394 1407 637 1470 rationeS,
667 1425 817 1478 posse
849 1405 1140 1476 Optimates
1180 1406 1415 1473 reyimen
1442 1406 1900 1459 Aristocraticum
1929 1406 1982 1459 in
2017 1409 2227 1460 Monar-

394 1489 563 1541 chiam
592 1494 941 1541 commutare:
983 1504 1104 1539 nam
1132 1492 1187 1539 et
1214 1487 1431 1539 mutatio
1472 1489 1637 1540 estin
1664 1490 1874 1551 melius,
1916 1495 1969 1541 et
2006 1488 2104 1559 ipsi
2130 1490 2228 1557 jus

395 1570 592 1622 habent
635 1570 733 1622 hoc
774 1568 1010 1630 faciendi,
1046 1585 1142 1619 nec
1184 1567 1244 1620 fit
1278 1567 1516 1638 cuiquam
1554 1587 1615 1621 eo
1654 1569 1790 1623 sacto
1833 1571 2063 1639 injuria.
2140 1570 2227 1623 An

395 1649 518 1703 item
557 1650 680 1720 ipsis
716 1650 867 1703 liceat
900 1652 1330 1702 Aristocratz'am
1366 1649 1421 1701 in
1461 1652 1873 1704 Democratiam
1908 1658 2225 1714 convertere,

395 1750 498 1784 non
543 1731 617 1784 ita
653 1731 804 1784 facile
842 1731 1095 1784 dixerim:
1150 1730 1272 1799 quia
1312 1730 1432 1783 licet
1482 1738 1536 1784 et
1565 1731 1664 1801 ipsi
1691 1734 1789 1800 jus
1832 1733 2059 1786 habeant
2107 1732 2228 1786 faci-

395 1813 532 1876 endi,
572 1819 625 1866 et
659 1831 746 1865 res
789 1812 902 1883 ipsa
941 1812 1072 1865 citra
1106 1810 1405 1880 cujusquam
1448 1813 1713 1880 injuriam
1757 1813 1870 1866 fieri
1911 1814 2087 1883 possit,
2123 1832 2228 1866 non

394 1901 570 1947 tamen
615 1893 823 1947 videtur
866 1912 977 1946 esse
1032 1893 1134 1945 ista
1189 1895 1534 1946 commutatio
1573 1896 1635 1946 in
1682 1897 1887 1949 melina
1975 1895 2227 1949 Existimo
2260 1959 2264 1962 .

397 1978 569 2038 tertio,
593 1993 743 2046 posse
771 1974 1076 2027 commutari
1103 1976 1492 2027 Monarchiam
1519 1977 1698 2044 Requi
1724 1978 1965 2030 Electivi
1991 1977 2046 2029 in
2073 1977 2227 2030 aliam
2249 1990 2279 2030 3

396 2058 636 2125 (fortasse
689 2056 992 2127 quamlibet)
1046 2054 1312 2126 regiminis
1364 2055 1600 2117 formam,
1658 2057 1946 2126 praesertim
1992 2076 2117 2111 vero
2173 2058 2228 2111 in

394 2143 642 2208 Reynum
684 2140 1096 2192 haereditarium
1131 2136 1241 2190 sive
1282 2136 1652 2190 successivum:
1703 2138 1859 2208 idque
1905 2140 1971 2191 ob
2022 2139 2229 2192 easdem

394 2221 506 2274 fere
537 2222 796 2274 rationes:
840 2221 961 2272 Non
1003 2225 1179 2272 tamen
1213 2218 1267 2271 id
1310 2218 1423 2272 fieri
1458 2219 1665 2282 debere,
1690 2223 1895 2290 primo,
1934 2220 2032 2273 nisi
2065 2238 2229 2291 regno

394 2322 490 2374 per
533 2310 753 2357 mortem
790 2301 970 2355 ultimo
1012 2300 1282 2372 regnantis
1321 2307 1553 2363 vacante,
1596 2301 1743 2369 (alias
1793 2302 1929 2355 enim
1968 2304 2230 2372 proesenti

395 2387 538 2454 Reyi
564 2385 713 2439 fieret
740 2385 951 2453 injuria
969 2386 1012 2453 ,·)
1055 2401 1150 2436 nec
1178 2385 1424 2444 secundo,
1455 2382 1552 2435 nisi
1581 2401 1648 2436 ex
1676 2382 1944 2454 conjuncto
1981 2401 2229 2437 consensu

446 2573 461 2592 ⁸
484 2566 692 2603 ἀδικεῖται
717 2565 749 2603 δ’
769 2565 898 2603 οὐδεὶς
923 2564 1052 2604 ὲκαὶνε
1102 2566 1273 2603 Aristot.
1291 2566 1423 2604 Ethic.
1442 2566 1531 2603 Nic.
1546 2565 1635 2603 Lib.
1649 2577 1690 2604 v.
1710 2566 1815 2615 [cap.
1830 2566 1890 2612 15,
1909 2566 1971 2603 ed.
1984 2564 2178 2613 Bekker.]

397 2706 427 2734 a
462 2691 744 2748 Hereditary
785 2691 1046 2749 Monarchy
1082 2692 1120 2735 is
1157 2692 1239 2736 the
1276 2692 1380 2736 best
1411 2692 1536 2736 form
1573 2691 1627 2735 of
1660 2691 1991 2736 Government.
2055 2690 2081 2733 I
2116 2689 2231 2733 then

396 2761 548 2812 think,

487 2831 627 2882 First,
663 2829 785 2873 That
808 2829 891 2873 the
910 2830 1087 2887 People
1107 2844 1227 2888 may,
1258 2830 1301 2874 if
1325 2831 1440 2889 they
1461 2831 1634 2888 please,
1660 2831 1838 2888 change
1868 2845 1898 2874 a
1931 2830 2230 2875 Democratic

396 2902 497 2945 into
522 2915 584 2944 an
606 2899 907 2944 Aristocratic
928 2914 982 2944 or
1000 2901 1319 2944 Monarchical
1345 2901 1677 2945 Government.

491 2970 555 3023 1⁰,
591 2971 798 3015 Because
823 2971 861 3014 it
884 2971 922 3015 is
947 2985 976 3014 a
1001 2970 1179 3028 change
1202 2971 1279 3015 for
1301 2971 1384 3016 the
1407 2972 1576 3015 better.
1690 2961 1699 2967 i

490 3040 553 3094 2⁰,
590 3042 798 3086 Because
826 3042 865 3085 it
899 3042 1010 3086 does
1040 3055 1199 3100 wrong
1232 3046 1282 3087 to
1312 3055 1374 3086 no
1410 3055 1500 3086 one
1515 3057 1528 3094 ;
1557 3040 1639 3085 the
1658 3041 1849 3100 People‚
1877 3040 2019 3098 being
2042 3040 2228 3097 willing,

397 3113 516 3158 have
536 3126 565 3156 a
584 3112 710 3170 right
734 3117 784 3156 to
811 3112 871 3156 do
892 3125 957 3157 so.

491 3183 736 3241 &contum
775 3182 876 3227 The
911 3183 1146 3228 Members
1187 3183 1241 3227 of
1267 3197 1329 3227 an
1360 3182 1655 3241 Aristocracy
1684 3195 1792 3240 may
1820 3180 1999 3239 change
2022 3180 2105 3225 the
2136 3180 2230 3225 Go-

397 3259 642 3300 vernment
665 3255 765 3298 into
790 3268 819 3298 a
843 3255 1114 3313 Monarchy.

488 3327 583 3370 For
607 3326 690 3370 the
714 3339 842 3370 same
860 3326 1084 3370 Reasons.

485 3396 713 3441 Whether
739 3396 852 3454 they
880 3410 988 3454 may
1007 3396 1185 3453 change
1205 3396 1243 3440 it
1262 3397 1362 3440 into
1387 3410 1415 3439 a
1435 3396 1739 3453 Democracy‚
1758 3394 1797 3439 is
1821 3397 1906 3438 not
1924 3406 1976 3438 so
1996 3393 2134 3445 clear,
2155 3392 2232 3436 for

398 3468 481 3512 the
505 3468 607 3512 first
630 3468 818 3511 Reason
839 3467 951 3511 does
975 3471 1060 3511 not
1080 3467 1235 3525 apply.

495 3539 712 3595 Thirdty‚·
749 3537 825 3581 An
849 3538 1043 3582 elective
1067 3536 1326 3595 Monarchy
1344 3551 1454 3595 may
1471 3537 1532 3580 be
1557 3536 1780 3593 changed,
1799 3533 2001 3592 perhaps
2019 3535 2120 3577 into
2140 3546 2233 3591 any

399 3609 537 3660 form,
565 3610 652 3653 but
672 3608 922 3666 especially
940 3609 1039 3652 into
1064 3622 1126 3652 an
1150 3608 1431 3665 Hereditary
1454 3607 1728 3664 Monarchy.

490 3680 585 3723 For
621 3678 702 3722 the
733 3678 827 3723 like
851 3680 1090 3732 Reasons;
1122 3679 1209 3723 but
1239 3678 1330 3723 this
1360 3692 1470 3737 may
1497 3683 1582 3722 not
1610 3678 1672 3722 be
1703 3676 1824 3721 done
1850 3680 2028 3733 except,
2063 3672 2126 3727 1⁰,
2150 3673 2231 3717 the

401 3748 569 3793 throne
588 3750 649 3794 be
668 3754 864 3805 vacant3
893 3750 970 3795 for
1008 3750 1251 3796 otherwise
1291 3750 1444 3808 injury
1466 3749 1617 3794 would
1650 3748 1709 3793 be
1742 3748 1864 3792 done
1888 3751 1939 3791 to
1972 3746 2054 3790 the
2077 3745 2230 3800 reign·-
