2482 4166
395 261 499 311 142
649 267 736 311 DE
777 266 1005 311 LEGUM
1044 263 1467 311 HUMANARUM
1506 250 1958 309 oBLIGA'rIoNE.

396 396 539 468 quod
567 395 634 450 sit
665 394 944 450 Christiani
971 393 1190 448 hominis
1217 393 1449 457 officium,
1480 412 1548 447 an
1582 399 1636 447 et
1673 398 1928 464 quatenus
1970 391 2230 465 obligetur

396 483 600 550 infero
629 480 964 532 conscientiae
1007 476 1229 548 tempori
1271 477 1471 540 cedere,
1515 476 1858 548 praesentibus
1900 475 2130 528 moribus
2172 492 2229 527 se

396 562 812 624 accommodare;
846 562 1061 630 leyibus,
1090 558 1283 623 edictis,
1314 559 1527 629 aliisque
1549 558 1705 629 jussis
1723 558 1832 628 ejus
1853 557 1941 628 qui
1969 560 2034 611 de
2046 560 2225 627 factO,

396 644 537 697 nullo
579 650 754 698 tamen
777 644 905 712 jure
947 650 1063 711 (suo
1106 641 1290 695 saltem
1326 641 1547 711 judicio)
1577 659 1789 694 summae
1813 658 1990 693 rerum
2019 644 2226 710 praeest,

398 728 790 797 obtemperare:
835 744 939 778 non
979 742 1223 795 peraeque
1261 723 1411 777 facile
1457 730 1537 777 est
1579 722 1899 793 dijudicare3
1956 739 2052 774 nec
2106 739 2229 792 pru-

398 808 567 863 dentis
609 815 688 862 est
728 807 783 860 in
824 826 885 861 re
926 814 1035 861 tam
1064 806 1232 880 gravi,
1264 812 1371 859 tam
1400 805 1584 871 ardua,
1614 805 1887 879 quicquam
1915 809 2113 857 temere
2140 802 2230 856 de-

396 891 558 945 finire.

522 974 672 1028 XIV.
760 971 907 1024 Nihil
948 971 1125 1041 itaque
1167 977 1356 1024 statu0.
1443 971 1497 1022 N
1499 988 1528 1023 6
1569 975 1746 1023 tamen
1783 974 1876 1022 aut
1904 966 2064 1021 officio
2094 984 2226 1029 mec,

398 1061 490 1108 aut
515 1060 704 1108 vestrae
733 1053 916 1107 saltem
945 1052 1290 1123 expectationi
1330 1051 1551 1105 defuisse
1594 1050 1873 1114 existimer,
1913 1050 1957 1104 si
1990 1068 2145 1121 quam
2175 1048 2229 1101 in

398 1135 622 1189 medium
639 1136 986 1206 produxeram
1004 1133 1340 1204 quaestionem
1361 1133 1607 1187 intactam
1628 1149 1840 1204 prorsus
1859 1131 2228 1201 relinquerem;

398 1218 523 1289 quid
551 1217 676 1271 mihi
702 1218 767 1271 de
793 1223 905 1270 tota
931 1216 1029 1269 hac
1055 1233 1116 1268 re
1144 1214 1278 1269 serio
1304 1214 1553 1287 cogitanti
1573 1214 1737 1268 visum
1758 1220 1837 1266 est
1857 1219 2015 1267 rectae
2042 1212 2230 1266 rationi

398 1301 621 1353 maxime
650 1306 1064 1361 consentaneum,
1095 1297 1214 1366 (nisi
1242 1296 1285 1351 si
1321 1297 1472 1359 forte,
1516 1303 1575 1350 ut
1616 1296 1671 1349 in
1712 1295 1997 1349 istiusmodi
2039 1294 2231 1349 delibe-

399 1383 683 1437 rationibus
711 1383 822 1436 fere
850 1380 1116 1453 contingit,
1148 1380 1289 1434 aliud
1324 1379 1576 1433 suadeant
1619 1375 2013 1454 wopam-cicere.)
2050 1376 2228 1449 paucis

401 1483 670 1536 exponam.
756 1465 887 1518 Dico
916 1463 1076 1536 igitur
1101 1465 1303 1533 primo,
1333 1462 1470 1515 Eum
1504 1461 1592 1533 qui
1621 1464 1686 1515 de
1704 1465 1868 1532 sacto
1896 1479 2150 1515 summum
2177 1459 2231 1513 in
2253 1476 2275 1517 1

401 1547 611 1601 civitate
635 1547 907 1618 imperium
937 1546 1154 1608 obtinet,
1182 1545 1278 1599 etsi
1305 1547 1470 1598 malis
1499 1546 1713 1598 artibus
1741 1551 2052 1614 potestatem
2089 1542 2232 1596 illam

402 1629 499 1684 sibi
541 1629 853 1700 quaesiverit,
888 1628 988 1681 civi
1025 1635 1199 1681 tamen
1236 1645 1333 1698 pro
1375 1629 1610 1697 Zeyitimo
1642 1629 1898 1696 principe
1935 1625 2232 1679 habendum

403 1730 530 1775 esse,
577 1713 726 1783 eique
770 1718 830 1765 ut
877 1709 1107 1783 legitimo
1152 1709 1371 1780 principi
1416 1728 1478 1763 ex
1524 1710 1858 1763 conscientiae
1906 1710 2232 1778 obliquatione

403 1813 515 1848 esse
557 1793 1031 1865 obtemperandum,
1070 1792 1221 1845 modo
1264 1791 1405 1845 nulla
1447 1791 1609 1845 subsit
1650 1790 1704 1844 in
1745 1790 2059 1844 contrarium
2090 1789 2233 1859 justa

403 1876 675 1930 dubitandi
702 1876 853 1929 ratio.
924 1874 1151 1928 Videtur
1179 1881 1353 1928 autem
1378 1892 1440 1927 ea
1465 1873 1575 1927 sola
1601 1891 1712 1927 esse
1739 1872 1793 1925 in
1820 1872 1917 1925 hoc
1946 1889 2068 1925 casu
2088 1871 2233 1942 justa

403 1965 458 2012 et
485 1958 672 2011 idonea
696 1957 964 2012 dubitandi
991 1957 1141 2020 ratio,
1168 1975 1282 2009 cum
1305 1955 1404 2009 civi
1428 1962 1520 2010 aut
1548 1962 1688 2009 certo
1707 1960 1920 2018 constet,
1937 1960 2028 2007 aut
2049 1954 2231 2007 saltem

403 2040 555 2094 valde
583 2040 650 2094 sit
678 2040 961 2112 probabile,
991 2039 1144 2092 aliam
1174 2057 1285 2092 esse
1318 2038 1543 2109 aliquam
1575 2057 1864 2108 personam
1906 2036 1987 2089 cui
2021 2054 2232 2091 summa

396 2134 637 2193 potestas
675 2122 872 2176 meliori
910 2123 1031 2193 jure
1070 2122 1339 2175 debeatur.
1427 2121 1543 2173 Hoc
1583 2120 1638 2172 ni
1678 2119 1850 2182 fuerit,
1894 2136 1998 2171 non
2042 2118 2233 2189 poterit

404 2205 530 2259 civis
558 2207 692 2259 bona
720 2204 1026 2258 conscientia
1046 2205 1376 2274 possidentis
1400 2202 1673 2274 imperium
1702 2202 2008 2255 detrectare.
2048 2200 2234 2270 Neque

405 2287 539 2340 enim
567 2288 636 2340 ad
665 2290 831 2342 civem
857 2286 1083 2358 pertinet
1113 2285 1412 2356 (ordinarie)
1441 2304 1543 2355 quo
1558 2286 1687 2354 jure
1704 2286 1986 2355 possideat
2005 2281 2093 2352 qui
2119 2300 2234 2353 pos-

405 2369 539 2423 sidet
567 2369 811 2423 curiosius
838 2369 1130 2440 inquirere:
1170 2367 1353 2422 sufficit
1382 2367 1430 2421 ei
1458 2368 1527 2420 ad
1555 2366 1875 2420 conscientiae
1905 2364 2234 2418 securitatem

406 2452 545 2521 quod
573 2455 638 2506 de
650 2455 812 2522 facto
831 2454 1125 2524 possideat,
1156 2469 1250 2503 nec
1275 2450 1343 2504 sit
1385 2449 1516 2503 alius
1554 2448 1809 2520 quispiam
1850 2447 2057 2516 (saltem
2095 2446 2235 2516 quod

404 2533 503 2603 ipsi
528 2534 789 2606 cognitum
814 2534 919 2603 sit,)
954 2533 1043 2603 qui
1077 2536 1143 2587 dc
1168 2533 1296 2601 jure
1329 2533 1607 2602 possidere
1645 2532 1848 2584 debeat.
1926 2530 2055 2582 Huc
2094 2527 2232 2590 facit,

406 2622 599 2685 praeter
622 2615 732 2685 jam
761 2615 900 2669 dicta
927 2616 993 2668 de
1016 2617 1283 2667 Romanis
1298 2615 1727 2683 Imperatoribus
1756 2628 2004 2684 oppressa
2025 2610 2235 2682 Repub-

501 2812 569 2851 14.
631 2807 719 2850 We
743 2810 882 2859 must,
911 2805 1137 2857 however,
1155 2810 1232 2863 try
1250 2810 1300 2849 to
1325 2806 1428 2862 give
1449 2820 1477 2849 a
1496 2806 1700 2850 decision
1720 2809 1770 2850 to
1794 2805 1877 2850 the
1900 2806 2090 2863 general
2114 2820 2231 2859 case,

409 2878 601 2936 capable
622 2877 676 2922 of
691 2877 832 2934 being
850 2876 1072 2920 modified
1095 2876 1159 2934 by
1183 2877 1555 2921 circumstances.
1614 2877 1701 2921 We
1725 2876 1838 2919 hold
1862 2876 2002 2920 then:

495 2950 633 3001 First,
659 2948 763 2992 that
785 2948 846 2992 he
871 2947 972 2992 who
1001 2948 1040 2992 is
1066 2947 1149 2991 the
1178 2947 1325 2991 Ruler
1350 2948 1401 2990 de
1418 2949 1566 3004 sacto,
1591 2946 1817 3004 although
1847 2946 1918 2991 his
1942 2960 2099 3004 power
2123 2961 2232 3005 may

405 3020 524 3064 have
544 3021 665 3064 been
691 3019 912 3064 obtained
936 3019 999 3076 by
1019 3019 1110 3063 evil
1130 3023 1242 3069 acts,
1265 3019 1303 3062 is
1323 3022 1373 3062 to
1398 3018 1457 3062 be
1476 3017 1589 3062 held
1613 3017 1676 3075 by
1700 3031 1728 3060 a
1749 3018 1912 3062 citizen
1938 3031 1987 3062 as
2012 3017 2093 3061 the
2117 3018 2233 3075 legi-

405 3092 570 3136 timate
594 3091 860 3148 Sovereign,
887 3091 980 3134 and
999 3094 1049 3134 to
1070 3090 1130 3134 be
1156 3089 1336 3147 obeyed
1357 3103 1407 3133 as
1437 3103 1466 3132 a
1490 3093 1663 3133 matter
1683 3088 1737 3132 of
1763 3089 2045 3141 conscience,
2069 3093 2234 3147 except

405 3163 539 3207 there
574 3163 635 3207 be
670 3176 798 3207 some
832 3163 931 3219 just
967 3162 1158 3206 adverse
1198 3161 1382 3218 ground
1416 3160 1471 3205 of
1505 3160 1665 3205 doubt.
1724 3159 1825 3204 The
1866 3160 1976 3217 only
2005 3160 2103 3217 just
2140 3160 2235 3203 and

405 3248 578 3291 proper
601 3234 785 3291 ground
816 3233 870 3277 of
885 3232 1032 3277 doubt
1056 3233 1109 3285 is,
1129 3231 1265 3276 when
1284 3233 1322 3275 it
1348 3233 1386 3276 is
1412 3231 1562 3276 either
1594 3231 1771 3275 certain
1799 3244 1852 3274 or
1875 3230 2100 3288 probable
2130 3230 2234 3274 that

405 3304 542 3349 there
562 3306 601 3349 is
622 3305 820 3349 another
835 3318 1006 3362 person
1030 3303 1142 3347 with
1162 3318 1191 3346 a
1204 3304 1360 3347 better
1379 3303 1504 3361 right
1523 3307 1575 3347 to
1598 3302 1681 3347 the
1706 3302 2011 3360 sovereignty.
2064 3302 2171 3354 For,
2185 3302 2234 3344 in

407 3376 627 3435 ordinary
651 3390 792 3428 cases,
824 3390 852 3419 a
880 3376 1045 3420 citizen
1075 3379 1199 3419 must
1230 3378 1315 3418 not
1343 3375 1487 3432 reject
1511 3374 1593 3418 the
1617 3373 1856 3431 authority
1882 3373 1936 3416 of
1962 3372 2044 3416 the
2064 3385 2235 3429 person

406 3445 508 3490 who
533 3447 571 3491 is
598 3449 648 3490 in
679 3447 953 3505 possession,
981 3461 1035 3491 or
1058 3447 1241 3504 inquire
1273 3450 1354 3490 too
1386 3446 1620 3504 curiously
1638 3445 1702 3503 by
1725 3443 1849 3488 what
1876 3442 2002 3500 right
2035 3442 2096 3486 he
2126 3456 2233 3499 pos-

407 3529 566 3561 sesses.
627 3518 672 3561 It
691 3519 729 3562 is
750 3518 977 3562 sufficient
996 3518 1072 3562 for
1096 3517 1196 3561 him
1219 3521 1269 3561 to
1290 3517 1426 3561 know
1446 3517 1550 3560 that
1568 3516 1630 3560 he
1654 3526 1884 3573 possesses
1909 3514 2114 3569 desacto,
2139 3512 2233 3555 and

408 3585 511 3630 that
535 3587 669 3632 there
689 3589 727 3633 is
744 3603 805 3632 no
828 3602 930 3640 one,
951 3593 1000 3632 at
1025 3589 1144 3633 least
1170 3603 1231 3632 no
1254 3602 1343 3632 one
1363 3588 1467 3632 that
1486 3588 1547 3631 he
1571 3586 1745 3637 knows,
1765 3584 1867 3627 who
1893 3584 1931 3627 is
1953 3582 2033 3626 the
2053 3596 2233 3640 posses-

408 3669 485 3699 sor
504 3659 554 3701 de
567 3660 686 3716 jure.
746 3659 858 3703 This
878 3660 916 3703 is
936 3660 1230 3717 exemplified
1249 3659 1366 3704 both
1386 3659 1435 3701 in
1454 3658 1535 3703 the
1553 3658 1738 3701 Roman
1758 3655 1948 3713 empire,
1969 3667 2018 3698 as
2043 3653 2234 3711 already

408 3728 576 3779 stated,
614 3729 708 3772 and
744 3730 795 3772 in
828 3729 911 3774 the
948 3729 1127 3788 history
1167 3729 1219 3774 of
1255 3730 1337 3775 the
1371 3730 1506 3787 kings
1545 3728 1600 3772 of
1632 3726 1805 3779 Israe13
1844 3728 1966 3769 most
1997 3724 2052 3769 of
2080 3723 2232 3768 whom
