2482 4166
449 247 516 300 68
981 255 1067 299 DE
1109 256 1364 301 PIORUM
1404 257 1746 302 EXEMPLIs.

444 386 586 438 nude
628 390 829 438 tantum
875 390 928 436 et
967 386 1219 438 historice
1264 393 1571 437 narrantur
1610 390 1766 454 prout
1808 390 1957 456 gesta
1990 390 2124 451 sunt,
2163 402 2279 454 quae

447 486 480 520 a
528 466 861 520 narrantibus
913 484 1006 519 nec
1064 466 1294 519 disertim
1355 468 1656 518 laudantur
1711 484 1804 518 nec
1860 469 2241 536 vituperantur
2260 487 2276 517 :

448 568 666 619 quorum
713 556 887 602 tamen
932 548 1177 600 nonnulla
1222 547 1431 601 indubie
1478 554 1678 599 constat
1726 549 1932 616 injusta
1973 548 2146 610 fuisse,
2187 555 2278 599 aut

446 634 742 693 inhonesta,
796 638 848 683 et
896 648 929 682 a
977 630 1075 682 viri
1127 630 1248 682 boni
1296 629 1456 681 officio
1499 628 1698 691 aliena;
1743 637 1796 682 et
1841 630 1907 682 de
1952 629 2125 681 multis
2166 629 2278 681 aliis

447 732 551 766 non
578 712 832 765 immerito
862 711 1090 764 dubitari
1124 718 1295 780 potest
1329 711 1588 763 fuerintne
1617 722 1755 764 recte
1777 714 1948 780 facta
1990 710 2072 763 vel
2116 729 2275 772 secuS,

449 796 514 848 de
541 795 724 865 quibus
754 794 1018 864 disputare
1059 793 1223 846 solent
1258 793 1595 864 probabiliter
1639 800 1692 845 et
1733 793 1895 845 libere
1924 793 1977 844 in
2005 799 2277 862 utramque

449 886 651 948 partem
679 877 1004 947 interpretes,
1095 876 1281 939 Qualia
1317 883 1437 928 sunt
1475 876 1563 927 illa
1594 878 1804 937 eLothi,
1840 875 2052 945 impuris
2084 874 2279 927 civibus

448 960 669 1012 filiarum
704 978 911 1011 suarum
941 964 1175 1029 stuprum
1206 958 1495 1020 offerentis3
1540 952 1787 1027 fJosephz·
1826 976 1920 1027 per
1949 957 2107 1010 vitam
2140 958 2278 1009 Pha-

447 1041 633 1103 raoniS,
679 1048 737 1093 ut
779 1047 1008 1110 putatur,
1040 1040 1294 1109 jurantis3
1339 1042 1560 1093 gJcccobi
1605 1042 1774 1093 Esavo
1814 1039 1967 1092 fratri
2006 1046 2280 1109 paternam

448 1121 855 1175 benedictionem
884 1128 1000 1173 astu
1034 1121 1379 1191 praeripientis
1403 1143 1417 1183 ;
1467 1121 1669 1192 aliaque
1704 1122 1759 1174 id
1786 1139 1949 1194 genus
1979 1121 2275 1191 compluria.

450 1205 581 1267 Quae
620 1203 752 1274 siqui
794 1222 970 1255 eorum
1010 1205 1245 1272 exemplo
1279 1203 1376 1256 sibi
1418 1203 1573 1256 etiam
1610 1203 1765 1255 licere
1806 1210 1991 1274 putent
2030 1203 2129 1254 hoc
2171 1203 2279 1254 solo

446 1286 667 1349 nomine,
709 1285 847 1355 quod
898 1303 959 1337 ea
1013 1303 1045 1337 a
1094 1284 1217 1337 viris
1266 1284 1362 1355 piis
1389 1287 1559 1354 facta
1607 1284 1799 1356 legant,
1853 1287 2122 1337 damnata
2178 1302 2281 1336 non

445 1368 655 1440 legant:
695 1387 776 1420 nae
816 1367 904 1430 illi,
951 1367 1073 1419 dum
1114 1369 1485 1421 incertissimae
1522 1369 1626 1436 lcyi
1658 1366 1988 1420 conscientias
2017 1383 2134 1419 suas
2164 1367 2281 1418 sub-

436 1451 637 1520 jiciunt,
677 1469 786 1503 sese
817 1448 1023 1503 interim
1071 1452 1366 1503 certissimo
1408 1449 1617 1502 errandi
1655 1448 2001 1520 peccandique
2036 1449 2281 1517 periculo

445 1532 705 1603 objiciunt.

562 1616 714 1668 VIII.
795 1614 957 1685 Atqui
1004 1633 1066 1667 ea
1112 1615 1293 1667 saltem
1336 1617 1610 1684 Exempla
1654 1613 1816 1676 nobiS,
1866 1632 1982 1683 quae
2025 1613 2078 1665 in
2124 1612 2282 1666 sacris

446 1697 608 1750 literis
647 1698 838 1750 diserte
879 1699 1192 1758 laudantur,
1234 1715 1412 1749 secure
1449 1697 1593 1765 sequi
1630 1695 1815 1758 licebit,
1861 1695 2078 1765 inquies,
2167 1694 2280 1746 Imo

447 1799 513 1832 ne
563 1779 617 1832 id
663 1779 869 1849 quidem
912 1777 1208 1848 simpliciter
1257 1778 1607 1830 concesserim.
1699 1777 1803 1830 Sed
1849 1778 1987 1847 quod
2037 1777 2105 1830 ad
2147 1777 2282 1829 hanc

445 1880 555 1914 rem
600 1862 802 1924 attinet,
853 1862 996 1914 Dico
1043 1862 1245 1929 primo,
1307 1861 1638 1931 Quaecunque
1687 1859 1951 1912 hominum
1992 1862 2164 1928 facta
2220 1861 2281 1911 in

446 1943 602 1996 sacris
628 1943 790 1996 literis
827 1948 1007 2012 aperte
1033 1944 1370 1993 damnantur
1398 1948 1457 1994 ut
1486 1941 1685 2003 vitiosa,
1731 1960 1793 1993 ea
1832 1941 2133 2011 simpliciter
2170 1959 2282 1993 esse

446 2026 723 2098 fugienda:
766 2025 935 2095 potior
972 2022 1107 2074 enim
1137 2030 1217 2075 est
1245 2022 1320 2075 vis
1356 2030 1408 2075 et
1446 2042 1567 2075 usus
1595 2025 1953 2092 eoecmplorum
1995 2025 2278 2084 malorum,

443 2115 502 2161 ut
540 2109 606 2161 ab
657 2107 755 2159 illis
799 2108 1042 2176 neyativc
1078 2111 1347 2177 arguatur,
1397 2123 1552 2174 quam
1594 2106 1845 2157 bonorum
1892 2105 2159 2176 arguendo
2214 2106 2280 2157 ab

444 2190 541 2242 illis
572 2192 903 2260 affirmative.
961 2189 1075 2251 Quo
1098 2186 1352 2259 arguendi
1382 2205 1574 2258 genere
1600 2187 1763 2240 utitur
1784 2187 2059 2257 Apostolus
2088 2194 2278 2248 noster,

448 2274 478 2324 1
523 2275 639 2326 Cor.
700 2293 752 2325 x,
807 2274 857 2334 6,
924 2277 1038 2333 etc„
1099 2270 1188 2321 ubi
1251 2269 1526 2339 propositis
1584 2288 1649 2321 ex
1707 2268 1900 2322 veteris
1956 2269 2282 2321 instrumenti

446 2354 663 2407 historia
698 2365 1044 2424 pcccatorum
1093 2351 1283 2404 diversi
1321 2351 1526 2423 generis
1570 2354 1837 2421 exemplis,
1888 2358 1947 2404 ut
1990 2358 2042 2404 et
2076 2352 2282 2418 judici-

446 2456 600 2490 orum
647 2439 759 2490 Dei
807 2436 859 2488 in
902 2434 1031 2507 legis
1068 2453 1173 2486 suae
1216 2433 1657 2505 praevaricatoreS,
1704 2440 1878 2486 monet
1917 2441 1976 2486 ut
2016 2452 2077 2485 ea
2108 2451 2282 2485 omnes

445 2518 737 2571 intueamur
768 2518 910 2571 velut
961 2528 1113 2586 typos
1162 2523 1216 2569 et
1275 2518 1625 2586 exemplaria,
1678 2535 1780 2568 non
1834 2534 1949 2586 quae
2005 2515 2279 2576 imitemur,

449 2601 540 2652 sed
591 2618 706 2669 quae
756 2596 1215 2661 hvitemuS‚——eis
1274 2594 1342 2651 τὸ
1403 2596 1473 2663 μή
1547 2600 1678 2652 εἶναι
1745 2595 1883 2664 ,ἡμᾶς
1948 2594 2280 2663 ἐπιθυμητάς

446 2683 634 2745 κακῶν,
679 2700 744 2732 ne
784 2680 974 2732 scilicet
1001 2679 1411 2748 concupiscamus
1450 2679 1600 2742 mala,
1631 2682 1771 2732 sicut
1813 2682 2037 2749 quidam
2076 2698 2138 2731 eoe
2166 2681 2282 2732 illis

448 2764 875 2832 concupiverunt,
914 2779 1081 2830 neque
1116 2762 1269 2812 idola
1298 2762 1548 2822 colamus,
1579 2778 1746 2830 neque
1774 2771 2087 2821 scortentur,
2114 2778 2281 2829 neque

571 2950 588 2969 e
616 2943 716 2981 Gen.
738 2943 819 2981 xix.
832 2945 871 2981 8.
1141 2942 1155 2970 s
1171 2943 1274 2981 Ibid.
1294 2944 1375 2980 xlii.
1397 2944 1458 2990 15,
1477 2944 1537 2982 16.
1792 2950 1811 2977 g
1837 2943 1941 2981 Ibid.
1959 2942 2076 2979 xxvii.
2095 2945 2157 2979 24.

814 3005 832 3032 h
867 3005 921 3043 Ut
932 3006 1116 3055 fuqerem
1143 3007 1327 3054 ememplz's
1351 3007 1535 3043 vitiorum
1559 3017 1716 3054 quaeque
1740 3005 1924 3041 notando.

1385 3066 1526 3103 Horat.
1552 3065 1642 3102 Lib.
1661 3066 1696 3103 I.
1715 3066 1799 3103 Sat.
1819 3076 1877 3102 lv.
1899 3064 1954 3113 [v.
1974 3063 2080 3111 106]

538 3200 578 3239 8.
636 3195 682 3239 It
702 3209 808 3253 may
829 3194 887 3238 be
907 3194 1053 3252 urged
1074 3194 1223 3251 again,
1248 3192 1352 3236 that
1382 3197 1431 3236 at
1460 3192 1578 3236 least
1608 3191 1742 3236 those
1768 3190 2001 3248 examples
2022 3188 2172 3232 which
2203 3203 2282 3232 aro

445 3267 630 3324 praised
654 3268 703 3309 in
731 3267 969 3324 Scripture
991 3280 1097 3322 may
1118 3266 1176 3308 be
1197 3264 1426 3308 followed.
1784 3266 1786 3269 ’

533 3339 628 3381 But
652 3337 744 3381 this
767 3342 936 3381 cannot
968 3337 1026 3381 be
1063 3336 1323 3393 absolutely
1348 3335 1601 3378 conceded.
1657 3334 1806 3377 First:
1837 3331 2088 3375 Whatever
2112 3329 2283 3374 indeed

444 3409 482 3451 is
504 3409 794 3452 condemned
820 3409 869 3451 in
892 3409 1129 3466 Scripture
1163 3421 1212 3450 as
1244 3407 1351 3456 bad,
1379 3407 1416 3449 is
1450 3411 1499 3449 to
1530 3406 1590 3449 be
1626 3404 1835 3448 avoided.
1898 3402 1986 3445 We
2006 3415 2114 3458 may
2138 3413 2281 3457 argue

442 3493 572 3523 more
593 3480 867 3537 powerfully
886 3479 1149 3537 negatively
1169 3478 1292 3521 from
1311 3477 1404 3521 bad
1424 3476 1672 3534 examples,
1690 3475 1804 3518 than
1821 3472 2139 3527 affirmatively
2159 3472 2281 3514 from

444 3550 567 3605 good
593 3563 717 3594 ones.

539 3621 664 3663 Such
690 3625 958 3677 arguments
986 3634 1053 3664 we
1074 3619 1205 3670 have,
1233 3619 1348 3663 used
1368 3619 1430 3676 by
1453 3618 1506 3661 St
1526 3615 1659 3667 Paul,
1686 3620 1709 3658 1
1727 3614 1886 3658 Conx.
1910 3616 1952 3665 6,
1988 3612 2116 3656 These
2137 3612 2281 3668 thingys

447 3703 556 3732 wcrc
581 3705 664 3732 our
688 3693 918 3747 coeamplcs,
942 3699 984 3734 to
1006 3692 1072 3735 the
1092 3692 1230 3734 intent
1254 3705 1316 3733 wc
1335 3689 1491 3733 should
1514 3699 1618 3736 ΝΟΤ,
1639 3686 1721 3728 διο.
