2482 4166
433 284 539 335 300
840 292 1039 338 sALUS
1081 294 1321 339 POPULI
1362 295 1667 340 SUPREMA
1705 297 1851 341 LEX.

436 440 500 474 ex
550 420 775 486 aedibus3
821 422 903 476 vel
939 424 1099 493 (quod
1142 424 1208 477 de
1251 418 1509 479 hDavicle
1550 425 1810 496 scribitur)
1855 426 2104 498 quidquid
2146 429 2266 481 Rex

434 503 653 570 fecisset,
700 511 909 578 gratum
947 506 1001 558 id
1041 508 1249 576 Populo
1277 506 1460 561 fuisse:
1491 509 1816 562 manifestum
1846 516 1938 572 est,
1970 528 2035 562 ex
2064 509 2265 580 adjecto

433 586 623 657 ubique
665 587 896 658 opposito
936 591 1306 658 Imperatoris,
1352 591 1595 652 Domini,
1642 593 1807 663 Regis
1854 591 2072 654 nomine,
2115 610 2265 645 voca-

433 669 556 721 bula
605 668 694 722 illa
740 669 1004 723 collectiva
1053 672 1361 732 Exercitus,
1414 673 1688 733 Famitiae,
1736 675 1959 742 Populi,
2009 691 2112 726 non
2155 692 2266 726 esse

433 757 607 804 tamen
644 753 920 806 Collective
948 751 1298 822 intelligenda,
1319 752 1411 804 sed
1439 754 1722 806 discretive
1750 760 1803 806 et
1831 754 2101 808 exclusive.
2150 757 2266 809 Hoc

436 839 529 896 est,
574 835 867 887 Exercitus
911 832 1255 904 appellatione
1293 832 1479 885 milites
1524 834 1687 886 solum
1726 834 1991 898 contineri,
2036 838 2267 906 Impera-

434 921 601 967 torem
641 934 744 968 non
777 914 932 976 item3
979 921 1031 967 et
1075 916 1346 977 Familioe,
1387 915 1690 968 domesticos
1726 916 1905 979 solum,
1946 935 2050 970 non
2088 918 2266 970 Domi-

434 1015 589 1059 num3
632 1004 685 1050 et
726 998 951 1065 Populi,
988 996 1219 1049 subditos
1262 996 1441 1060 solum,
1489 1016 1592 1049 non
1635 997 1759 1051 item
1804 1000 2024 1071 Regem.
2107 1000 2266 1053 Ratio

435 1086 529 1141 est,
560 1078 683 1148 quia
710 1078 970 1148 adjectum
998 1077 1051 1130 in
1091 1077 1201 1148 ipso
1239 1078 1482 1132 orationis
1525 1079 1610 1131 filo
1650 1083 1964 1151 oppositum,
2007 1083 2145 1152 quod
2188 1090 2267 1136 est

434 1161 657 1213 alterum
706 1161 1107 1223 correlatorum,
1153 1160 1439 1214 necessario
1484 1160 1651 1215 innuit
1699 1169 1874 1217 vocem
1917 1166 2263 1227 collectivam,

433 1242 530 1296 sibi
574 1261 639 1295 ex
681 1243 901 1296 adverso
944 1243 1342 1313 respondentem
1382 1250 1434 1296 et
1473 1243 1521 1296 ei
1555 1246 1780 1298 relative
1816 1246 2118 1316 oppositam,
2149 1265 2266 1299 con-

435 1324 600 1378 tinere
661 1343 810 1378 suum
869 1327 1192 1379 cora-elatum
1240 1328 1469 1395 praecise
1488 1346 1505 1378 .·
1562 1326 1659 1379 hoc
1716 1334 1809 1390 est,
1868 1330 2266 1383 multitudinem
2309 1392 2311 1394 Ι

435 1408 702 1470 duntaxat,
744 1406 817 1460 illi
855 1407 998 1461 velut
1039 1406 1287 1478 principio
1332 1414 1385 1460 et
1427 1407 1581 1478 capiti
1619 1427 1900 1463 connexam
1941 1417 1993 1463 et
2032 1412 2266 1482 conjunc-

434 1496 557 1552 tam,
588 1508 692 1542 non
720 1496 893 1543 autem
925 1500 1092 1544 totam
1119 1493 1552 1544 communitatem
1574 1509 1638 1545 ex
1666 1498 1887 1562 utroque
1912 1493 2132 1547 termino
2155 1512 2266 1547 cor-

434 1572 599 1624 relato
629 1572 775 1641 quasi
800 1579 1160 1644 aggregatam.

554 1655 680 1707 XII.
767 1655 1009 1707 Ceterum
1053 1654 1141 1709 ubi
1187 1674 1292 1708 non
1337 1661 1415 1709 est
1458 1656 1714 1728 adjectum
1764 1661 2078 1729 oppositum,
2129 1658 2268 1728 quod

433 1735 592 1806 ipsius
640 1735 1060 1807 significationem
1106 1737 1176 1789 ad
1217 1737 1435 1790 alteram
1485 1745 1686 1792 tantum
1732 1743 2015 1794 relationis
2064 1748 2267 1811 partem

433 1817 719 1871 necessario
758 1819 1060 1881 contrahat3
1104 1819 1172 1872 ab
1212 1819 1348 1872 omni
1390 1838 1513 1873 sana
1554 1821 1754 1875 ratione
1790 1822 2009 1876 alienum
2040 1830 2132 1885 est,
2164 1825 2267 1876 col-

436 1902 684 1954 lectivam
713 1902 999 1953 dictionem
1026 1900 1175 1953 aliter
1206 1920 1359 1971 quam
1398 1904 1662 1957 collective
1690 1903 1938 1973 accipere,
1969 1911 2022 1957 et
2049 1904 2102 1955 in
2123 1904 2267 1974 justa

433 2001 527 2035 sua
569 1981 871 2035 latitudine:
914 1982 988 2035 ita
1030 1982 1222 2035 scilicet
1255 1989 1315 2035 ut
1347 1993 1628 2054 utrumque
1670 1987 1953 2040 relationis
1982 1988 2267 2039 terminum

434 2083 525 2118 suo
554 2064 751 2118 ambitu
781 2064 1165 2135 complectatur.
1251 2065 1496 2128 Maxime,
1534 2066 1622 2119 ubi
1659 2066 1714 2118 in
1742 2070 1955 2130 salutis,
1985 2070 2264 2131 utilitatis,

433 2146 747 2216 alteriusque
769 2146 889 2200 boni
907 2153 998 2200 aut
1016 2146 1266 2200 commodi
1286 2148 1424 2217 quod
1449 2147 1516 2201 sit
1536 2148 1742 2219 utrique
1765 2168 2046 2212 commune,
2068 2150 2267 2204 ratione

434 2247 602 2282 sermo
626 2236 879 2282 versatur.
948 2228 1187 2299 Exempli
1215 2230 1419 2301 gratia3
1454 2229 1508 2283 Si
1538 2237 1853 2284 statueretur
1875 2250 1990 2285 cras
2014 2233 2269 2286 movenda

434 2317 618 2374 castra,
649 2329 714 2364 ne
743 2313 1036 2365 Exercitus
1064 2311 1130 2363 ab
1160 2311 1309 2365 hoste
1337 2311 1747 2382 opprimeretur;
1792 2321 1882 2367 aut
1921 2314 1976 2366 in
2010 2316 2269 2367 Familiae

433 2412 581 2446 usum
602 2393 781 2466 fruges
810 2393 1155 2465 colligendas:
1199 2412 1303 2446 non
1342 2412 1452 2447 esse
1480 2394 1721 2448 incolumi
1749 2395 1915 2466 capite
1944 2395 2028 2449 vel
2061 2399 2269 2450 Orestes

425 2475 631 2545 juraret
657 2486 773 2529 eum
801 2476 1074 2538 hominem,
1103 2475 1191 2546 qui
1220 2494 1338 2546 quae
1368 2476 1433 2529 de
1461 2479 1727 2532 Exercitu
1764 2485 1817 2532 et
1851 2479 2105 2532 Familia
2133 2477 2270 2531 dicta

1043 2659 1061 2686 ¹¹
1091 2660 1133 2709 [2
1153 2661 1258 2700 Sam.
1278 2670 1363 2710 cap.
1384 2662 1438 2700 iii.
1457 2674 1558 2701 vers·
1578 2659 1661 2712 36]

433 2784 505 2829 his
541 2782 724 2843 Army,''
769 2786 796 2808 “
813 2786 912 2831 The
954 2788 1133 2832 Master
1169 2803 1285 2846 gave
1323 2790 1483 2834 orders
1520 2794 1570 2834 to
1600 2789 1918 2848 his-Familyss’
1949 2804 2003 2834 or
2032 2791 2145 2846 aslis
2170 2790 2270 2835 said

435 2855 490 2899 of
509 2855 676 2906 David,
701 2856 806 2900 that
842 2853 1021 2901 “What
1058 2858 1140 2902 the
1172 2854 1298 2916 King
1329 2851 1407 2902 did
1433 2851 1623 2917 pleased
1648 2859 1729 2903 the
1750 2861 1926 2917 People
1941 2859 1988 2912 3³³
2013 2861 2051 2904 it
2075 2861 2114 2904 is
2139 2861 2269 2918 plain

433 2926 539 2971 that
575 2927 624 2969 in
669 2926 801 2972 these
839 2942 980 2980 cases,
1016 2928 1178 2987 Army,
1212 2930 1410 2988 Family,
1439 2931 1615 2987 People,
1644 2944 1723 2974 are
1760 2931 1902 2974 taken
1939 2931 2264 2988 distinctively.

434 2997 535 3041 The
560 2998 785 3051 addition,
815 3000 865 3042 in
895 2999 1027 3043 these
1059 3014 1200 3053 cases,
1231 3002 1269 3045 is
1295 3015 1323 3044 a
1348 3001 1632 3053 correlative,
1664 3001 1756 3044 and
1786 3001 2063 3057 necessarily
2086 3001 2268 3058 implies

434 3068 517 3112 the
544 3069 680 3113 other
706 3070 994 3122 correlative,
1025 3070 1107 3115 the
1133 3072 1258 3116 word
1290 3073 1340 3114 in
1364 3073 1423 3116 its
1448 3072 1628 3116 limited
1654 3085 1799 3125 sense,
1825 3072 1905 3116 the
1925 3075 2031 3129 part
2055 3071 2205 3115 which
2228 3072 2267 3115 is

434 3140 641 3198 opposed
667 3145 716 3184 to
741 3141 823 3185 the
843 3142 993 3194 Head,
1018 3143 1112 3186 and
1132 3147 1215 3187 not
1240 3143 1321 3187 the
1346 3143 1509 3187 whole.

528 3216 598 3255 12.
662 3212 758 3256 But
782 3212 917 3256 when
942 3213 1076 3257 there
1100 3214 1138 3258 is
1163 3228 1225 3258 no
1250 3214 1364 3258 such
1390 3214 1613 3266 addition,
1636 3218 1686 3258 to
1712 3214 1970 3258 determine
2000 3213 2081 3257 the
2111 3227 2270 3257 mean-

432 3283 513 3340 ing
545 3283 599 3326 of
619 3282 700 3326 the
734 3284 860 3327 word
885 3288 936 3328 to
973 3298 1062 3328 one
1097 3290 1205 3342 part
1231 3285 1285 3329 of
1318 3286 1401 3329 the
1431 3285 1629 3329 relation
1655 3286 1777 3343 only,
1801 3284 1863 3328 all
1889 3285 2036 3329 sound
2066 3284 2190 3328 rules
2222 3284 2276 3328 of

434 3355 751 3398 construction
781 3355 965 3412 require
1004 3355 1108 3399 that
1138 3356 1220 3400 the
1253 3356 1504 3400 Collective
1529 3356 1675 3400 Word
1703 3356 1764 3400 be
1793 3356 1937 3399 taken
1969 3355 2270 3413 collectively‚

433 3438 484 3468 so
510 3438 559 3468 as
581 3429 631 3469 to
656 3424 844 3469 include
865 3426 982 3470 both
1007 3431 1150 3470 terms
1187 3427 1241 3470 of
1270 3427 1351 3471 the
1376 3427 1598 3470 relation:
1632 3427 1725 3470 and
1750 3426 1998 3484 especially
2026 3426 2160 3470 when
2188 3425 2270 3470 the

434 3496 648 3551 question
672 3496 711 3539 is
738 3510 826 3540 one
847 3497 902 3540 of
916 3496 1081 3555 safety,
1106 3498 1276 3555 utility,
1301 3498 1394 3541 and
1413 3498 1494 3542 the
1518 3498 1626 3541 like.
1692 3497 1818 3541 Thus
1837 3497 1879 3540 if
1894 3511 1962 3540 we
1981 3510 2101 3540 were
2120 3501 2169 3540 to
2191 3510 2271 3554 say

432 3566 536 3609 that
567 3566 688 3610 “the
725 3567 870 3624 Oamp
896 3572 1021 3612 must
1045 3568 1105 3611 be
1131 3568 1303 3612 shifted
1323 3573 1373 3612 to
1398 3583 1504 3613 save
1529 3567 1611 3612 the
1636 3568 1820 3626 Army,”
1845 3581 1898 3611 or
1936 3567 2057 3611 “the
2085 3567 2271 3611 harvest

432 3641 557 3680 must
581 3636 642 3680 be
667 3642 747 3694 got
773 3639 823 3680 in
855 3642 905 3682 to
930 3639 1040 3682 feed
1061 3639 1142 3683 the
1163 3640 1384 3697 Family,''
1415 3653 1538 3683 none
1563 3639 1648 3683 but
1685 3654 1713 3682 a
1742 3639 1961 3682 madman
1985 3638 2137 3682 would
2161 3651 2268 3695 sup-

433 3719 545 3761 pose
570 3707 674 3751 that
693 3708 775 3752 the
804 3709 1008 3752 Genera]
1033 3719 1123 3754 was
1151 3710 1377 3755 excluded
1403 3711 1452 3754 in
1476 3709 1557 3755 the
1583 3724 1672 3755 one
1697 3724 1817 3763 case,
1843 3723 1895 3755 or
1918 3708 2000 3754 the
2023 3708 2197 3753 Father
2220 3707 2275 3752 of

432 3774 515 3818 the
539 3776 721 3836 Family
744 3779 794 3822 in
817 3779 898 3823 the
924 3779 1073 3825 other.
1976 3796 1979 3798 ·
