2482 4166
666 279 877 325 INDEX
916 278 1235 324 NOMINUM
1276 280 1360 324 ET
1400 281 1646 326 RERUM.

289 404 537 444 Christianos
564 402 823 451 magistratus
849 401 891 437 in
924 400 1116 438 utramvis

285 471 440 516 partem
459 467 509 504 iv.
530 467 591 512 30,
616 465 777 502 moralis
801 464 954 513 obligat
979 474 1116 501 omnes

286 529 339 567 ib.
357 530 422 567 31.

237 591 424 629 Mosaicae
451 590 710 636 Ceremoniae,
737 601 873 627 earum
899 599 1019 626 onere
1036 588 1116 626 Ec-

285 653 417 699 clesia,
433 653 608 690 adventu
626 652 787 698 Christi,
804 651 973 689 liberata
996 654 1057 688 est
1079 663 1116 690 v.

285 717 348 754 33.
396 716 573 753 Mosaica
588 714 824 763 paedagogia
842 714 970 762 qualis
985 714 1038 751 vi.
1056 714 1118 751 31.

287 779 360 815 sub
378 789 426 815 ea
443 777 654 815 Judicibus
671 788 750 813 non
778 776 907 813 omnis
931 777 1119 824 adempta

288 843 349 877 est
376 840 526 876 rituum
555 839 718 875 libertas
745 838 797 875 ib.
826 840 888 876 32.
942 838 1120 875 Mosaica

286 902 352 939 lex
371 902 421 938 de
438 901 604 949 repudio
622 901 679 937 vi.
697 902 759 938 20.
810 901 877 938 lex
899 903 1013 937 vetus
1038 900 1119 937 sive

288 964 465 1002 Mosaica
478 975 601 1012 quare
614 975 694 1000 non
706 963 859 1012 obliget
872 963 1119 1001 Christianos

286 1027 338 1064 iv.
359 1029 419 1065 28.

664 1102 704 1139 Ν

237 1192 431 1230 Numan
448 1192 584 1230 lumen
599 1193 694 1242 quid
710 1193 761 1230 sit
774 1193 798 1229 i.
814 1194 875 1231 25.
910 1193 1119 1241 impletum

286 1257 339 1294 iv.
359 1259 419 1295 15.

238 1318 404 1357 Naturae
424 1321 489 1358 lex
512 1320 553 1356 in
579 1331 650 1357 suo
667 1331 815 1368 genere
832 1320 1120 1368 perfectissima

287 1382 337 1419 vi.
352 1385 388 1420 3.

238 1443 394 1481 Natura
421 1446 613 1481 naturans
644 1447 686 1481 et
714 1447 900 1482 naturata
937 1445 1034 1493 quid
1068 1444 1119 1481 sit

286 1518 325 1543 v.
344 1508 393 1543 41

238 1568 442 1605 Naturalis
452 1569 567 1615 ratio,
580 1569 664 1617 ejus
671 1569 864 1617 judicium
876 1572 1029 1606 rectum
1039 1581 1118 1605 non

286 1634 423 1679 potest
439 1642 520 1667 non
539 1643 623 1667 esse
640 1644 677 1669 v.
696 1633 760 1669 28.
814 1631 898 1679 ejus
921 1632 1118 1668 dictamen

287 1696 484 1741 quatenus
510 1693 664 1741 obliget
687 1694 736 1731 ib.
765 1694 929 1730 Naturae
955 1697 1120 1741 peccata

286 1767 323 1792 v.
343 1756 380 1791 4.

238 1816 491 1854 Naturalium
506 1820 547 1854 et
564 1817 773 1854 moralium
792 1817 978 1866 analogia
995 1830 1030 1854 v.
1052 1818 1088 1856 9.

238 1878 453 1927 Neoterici‚
482 1891 618 1917 eorum
646 1880 845 1917 sententia
869 1881 920 1917 de
952 1880 1117 1918 Consci-

288 1941 405 1978 entiae
423 1944 568 1978 natura
584 1941 610 1978 i.
632 1942 692 1978 15.

238 2002 392 2040 Noachi
405 2004 555 2052 posteri
573 2004 647 2040 sub
660 2015 738 2051 quo
757 2003 951 2052 regimine
967 2003 1117 2040 fuerint

286 2064 350 2102 vii.
370 2065 433 2103 16.

237 2126 458 2174 νομοθεσία
475 2139 510 2165 v.
529 2139 559 2164 s,
579 2127 789 2176 leqislatz‘o.

238 2189 388 2225 Nove:
398 2188 626 2225 intellectus
644 2189 910 2237 speculativus
921 2189 947 2225 i.
961 2189 1007 2227 17
1011 2216 1021 2226 .
1051 2188 1118 2225 lex

287 2261 372 2287 esse
386 2250 505 2287 debet
523 2251 614 2287 νοῦς
630 2249 725 2288 ἄνευ
743 2250 917 2299 ὀρέξεως
932 2251 997 2289 vii.
1017 2252 1078 2287 22.

238 2311 476 2358 Novatores,
503 2313 553 2350 de
582 2313 726 2350 ritibus
752 2313 1039 2350 Ecclesiasticis
1064 2313 1116 2351 vi.

285 2374 336 2413 26
376 2386 464 2423 sqq.
509 2386 646 2412 eorum
676 2376 867 2424 dogmata
897 2377 1118 2413 hauserunt

286 2437 565 2485 Anabaptistae
578 2437 630 2474 ix.
649 2438 689 2475 2.

238 2498 373 2536 Num
390 2511 426 2536 v.
445 2499 507 2537 26.

663 2605 700 2640 Ο

243 2692 485 2731 Obedientia
519 2693 672 2741 species
707 2693 964 2741 subjectionis
995 2693 1044 2730 vi.
1081 2694 1118 2730 2.

290 2756 516 2793 obedientia
527 2757 658 2793 activa
668 2756 839 2801 ὑπακοή,
851 2757 1005 2804 passiva
1017 2756 1118 2793 ὑπο-

290 2817 419 2866 ταγή,
441 2818 494 2855 ib.
513 2819 543 2855 i.
592 2819 643 2855 ad
661 2819 926 2856 obedientiam
945 2819 1039 2856 civis
1057 2823 1119 2856 te-

290 2885 409 2918 netur
424 2881 680 2929 gratitudinis
698 2881 789 2929 lege
807 2894 843 2918 v.
865 2883 925 2919 18.
967 2893 1046 2918 non
1060 2885 1120 2919 est

290 2943 530 2991 disputatrix
555 2943 608 2980 vi.
638 2945 699 2980 12.
752 2943 988 2981 obedientiae
1017 2945 1119 2981 ratio

288 3005 331 3041 in
349 3016 428 3053 quo
445 3005 635 3042 consistat
651 3006 699 3043 vi.
715 3007 775 3042 12.

245 3067 428 3116 Obligari
444 3079 561 3104 nemo
579 3071 713 3116 potest
730 3068 780 3105 ad
801 3068 1122 3106 Contradictoria

291 3141 330 3166 v.
348 3130 386 3168 9.
439 3140 518 3176 quo
542 3141 661 3166 sensu
684 3129 749 3166 lex
772 3129 927 3165 dicatur
944 3129 1120 3177 obligare

293 3202 335 3228 v.
354 3191 392 3236 5,
409 3192 471 3227 11.
522 3190 700 3238 obligare
718 3190 999 3227 conscientiam
1026 3191 1122 3238 quid

293 3253 346 3290 sit
361 3265 400 3290 v.
418 3253 459 3291 5.

246 3314 517 3363 obligationis
534 3314 694 3351 nomine
711 3314 805 3362 quid
817 3314 1121 3362 intelligendum

294 3389 334 3415 v.
351 3379 388 3413 2.
431 3376 694 3424 obligationes
711 3377 877 3413 invicem
896 3379 1122 3424 pugnantes

294 3439 347 3476 vi.
364 3440 401 3476 2.
434 3439 640 3487 Obligatio
658 3439 767 3487 prior
783 3439 1016 3487 praejudicat
1029 3450 1122 3486 pos-

295 3501 444 3547 teriori,
460 3514 498 3539 v.
517 3502 555 3550 9,
582 3503 644 3539 10.
696 3502 736 3537 in
765 3501 967 3549 superiore
995 3500 1124 3548 gradu

295 3563 391 3611 praej
397 3563 529 3600 udicat
541 3564 776 3612 obligationi
784 3564 823 3599 in
835 3562 1020 3600 inferiore
1029 3562 1079 3598 iv.
1087 3565 1123 3599 7.

296 3625 407 3661 nulla
424 3636 508 3662 esse
524 3628 659 3673 potest
675 3625 733 3662 rei
750 3625 898 3661 illicitae
925 3624 964 3660 ib
975 3636 994 3669 ,-
1020 3624 1072 3660 vi.
1086 3625 1124 3662 3.

297 3698 439 3722 novam
475 3686 517 3722 in
554 3686 808 3723 Conscientia
840 3685 1124 3733 obligationem

297 3747 450 3784 inducit
462 3747 634 3783 humana
650 3748 715 3784 lex
729 3747 780 3785 ib.
797 3749 856 3785 10.
891 3746 1038 3783 subditi
1057 3747 1127 3782 ob-

1977 273 2083 329 327

1247 400 1390 448 ligatio
1417 402 1524 438 unde
1549 403 1702 440 oriatur
1729 403 1781 440 ib.
1814 403 1877 442 17.
1928 404 2084 452 obliga-

1249 462 1399 499 tionem
1418 464 1626 511 suspendit
1644 465 1819 502 conditio
1829 466 1907 503 viii.
1923 466 1985 505 19.
2011 467 2083 503 ob-

1249 523 1452 572 ligationis
1470 524 1654 561 humanae
1670 524 1773 572 legis
1791 526 1939 573 duplex
1956 537 2085 574 genus

1249 586 1298 623 vi.
1311 587 1348 623 3.
1375 585 1639 634 obligationes
1652 586 1846 623 absolutae
1860 590 1901 623 et
1911 588 2085 625 relativae

1251 659 1340 696 quae
1365 648 1416 686 iv.
1436 647 1473 685 7.
1526 648 1655 684 omnis
1677 648 1870 696 obligatio
1894 650 2086 697 supponit

1251 709 1427 747 debitum
1447 709 1496 746 vi.
1514 711 1551 746 2.

1204 772 1478 810 Obstetricum
1526 771 1813 820 AEgyptiarum
1855 772 2083 820 exemplum

1250 835 1305 871 iii.
1323 835 1362 874 9.

1203 896 1316 934 ὅπως
1334 898 1538 944 sumptum
1557 895 1790 943 ἐκβατικὰῐς
1806 894 1847 931 ii.
1866 896 1903 932 8.

1629 1038 1663 1074 Ρ

1204 1128 1346 1167 PAcTA
1372 1140 1423 1165 an
1445 1129 1625 1177 obligent
1651 1129 1702 1165 ad
1729 1128 1887 1177 culpam
1913 1128 1993 1166 viii.
2021 1130 2084 1168 19.

1252 1192 1433 1239 legitima
1441 1203 1521 1228 non
1533 1192 1794 1228 rescindenda
1806 1191 1871 1229 vii.
1889 1194 1951 1229 21.
1978 1193 2085 1229 unde

1253 1254 1434 1302 obligent
1453 1267 1490 1290 x.
1510 1256 1547 1292 2.
1590 1254 1745 1302 privata
1762 1254 1906 1291 cedant
1924 1257 2086 1302 oportet

1254 1317 1606 1354 constitutionibus
1624 1317 1794 1365 publicis
1810 1317 1861 1354 iv.
1882 1318 1919 1355 7.

1202 1381 1480 1430 Papicolarum
1498 1381 1675 1417 adulatio
1690 1384 1731 1418 et
1745 1392 1849 1418 caeca
1860 1381 2086 1418 obedientia

1250 1444 1302 1481 vi.
1320 1446 1380 1480 12.

1202 1507 1282 1543 Par
1293 1507 1333 1542 in
1346 1517 1482 1554 parem
1497 1517 1576 1542 non
1588 1506 1709 1542 habet
1720 1507 1961 1554 potestatem
1968 1505 2032 1542 vii.
2046 1508 2085 1543 2.

1201 1570 1472 1619 παράδειγμα
1490 1570 1586 1619 quid
1603 1570 1667 1616 sit,
1683 1569 1739 1606 iii.
1758 1570 1819 1606 24.

1202 1633 1334 1670 Patris
1351 1634 1442 1670 vitae
1460 1636 1501 1670 et
1519 1633 1626 1669 necis
1638 1632 1707 1681 jus
1720 1632 1787 1669 vii.
1807 1632 1868 1670 16.

1203 1696 1338 1733 Patria
1354 1699 1544 1744 potestas,
1563 1695 1647 1744 ejus
1664 1706 1846 1744 propago
1864 1695 2084 1732 dominatio

1251 1759 1416 1808 politica
1431 1758 1495 1796 vii.
1514 1757 1573 1796 16.

1203 1821 1343 1857 Patres
1361 1820 1401 1856 ii.
1423 1821 1482 1865 10,
1502 1821 1561 1856 11.

1201 1884 1374 1920 PAULUS
1389 1881 1625 1929 Apostolus,
1643 1880 1790 1928 passim
1804 1884 1978 1919 assertor
1989 1893 2083 1930 gra-

1250 1945 1364 1982 tuitae
1373 1943 1451 1980 Dei
1458 1943 1733 1979 misericordiae
1742 1943 1784 1980 ii.
1793 1943 1829 1980 5.
1845 1944 2010 1980 Petrum
2019 1954 2083 1980 re-

1250 2007 1462 2056 prehendit
1477 2006 1529 2042 iii.
1547 2008 1583 2043 3.
1596 2006 1978 2051 PAULUS,Gentium
1989 2007 2084 2043 doc-

1252 2074 1329 2118 tor,
1345 2069 1546 2118 quomodo
1557 2068 1730 2116 gentiles
1741 2068 1961 2105 instituerit
1979 2069 2031 2106 vi.
2046 2070 2084 2107 3.

1201 2133 1430 2177 Peccatum,
1455 2130 1551 2179 quid
1577 2130 1642 2176 sit,
1669 2130 1720 2167 iv.
1749 2132 1821 2177 143
1848 2143 1884 2167 v.
1913 2131 1951 2168 5.
2002 2142 2083 2167 non

1249 2198 1385 2244 potest
1411 2205 1509 2239 esse,
1535 2193 1610 2229 nisi
1629 2193 1736 2241 quod
1753 2193 1879 2230 libere
1897 2193 1943 2229 fit
1960 2193 2000 2230 ii.
2021 2194 2082 2231 17.

1250 2261 1459 2308 peccatum
1489 2256 1620 2292 minus
1645 2267 1727 2292 non
1750 2255 1845 2292 licet
1867 2256 2012 2301 facere,
2037 2258 2085 2292 ut

1250 2321 1404 2357 vitetur
1434 2318 1561 2366 majus
1593 2318 1643 2354 ib.
1680 2317 1726 2355 17
1730 2345 1740 2354 .
1790 2317 1885 2353 licet
1918 2317 2084 2353 suadere

1250 2384 1382 2419 minus
1400 2385 1623 2430 peccatum,
1637 2383 1683 2417 ut
1699 2379 1941 2428 impediatur
1956 2379 2084 2427 majus

1249 2445 1305 2482 ib.
1335 2444 1396 2482 19.
1449 2455 1561 2479 suum
1588 2442 1727 2490 potius
1761 2453 1879 2489 quam
1914 2440 2085 2477 alienum

1250 2506 1472 2544 evitandum
1491 2504 1556 2553 (ex
1581 2504 1839 2542 Aneus'rmo
1858 2503 1899 2540 ii.
1919 2502 2004 2551 18.)

1201 2571 1372 2608 Peccata
1388 2569 1553 2605 Naturae
1570 2580 1609 2605 v.
1626 2568 1661 2604 5.

1201 2634 1397 2681 Peponem
1425 2630 1558 2669 cordis
1590 2629 1673 2667 loco
1710 2629 1851 2666 habere
1880 2628 1944 2676 (ex
1970 2629 2084 2665 TER-

1252 2693 1486 2742 TULLIANO)
1504 2705 1541 2730 x.
1560 2692 1596 2730 6.

1202 2757 1415 2795 Permissio
1432 2756 1527 2792 mali
1545 2754 1731 2802 negativa
1744 2756 1940 2802 quatenus
1957 2753 2084 2802 possit

1253 2832 1337 2857 esse
1369 2819 1480 2856 licita
1510 2817 1561 2854 vi.
1599 2817 1647 2855 19
1696 2816 1965 2864 permissionis
1994 2815 2083 2852 finis

1255 2882 1343 2931 quis
1360 2882 1412 2918 sit
1428 2881 1480 2918 vi.
1502 2881 1562 2919 19.

1203 2944 1351 2981 Petitio
1370 2943 1530 2991 quando
1548 2942 1599 2978 sit
1616 2940 1863 2989 superiorum
1874 2939 1939 2977 vii.
1958 2941 1995 2976 2.
2022 2943 2084 2977 est

1253 3009 1365 3043 actus
1382 3004 1613 3052 indigentiae
1632 3003 1686 3039 ib.

1202 3068 1388 3112 anns,
1419 3065 1639 3113 Apostolus
1667 3062 1972 3100 circumcisionis
2002 3074 2081 3110 quo

1253 3129 1372 3165 modo
1388 3128 1415 3165 J
1417 3128 1551 3164 udaeos
1567 3125 1787 3162 instituerit
1803 3124 1852 3162 vi.
1869 3126 1906 3161 3.
1948 3136 2082 3172 repre-

1253 3191 1399 3227 hensus
1441 3201 1466 3225 a
1504 3188 1645 3234 Paulo,
1679 3198 1801 3235 quare
1841 3186 1897 3223 iii.
1931 3188 1955 3223 2
1990 3198 2078 3235 sqq.

1252 3253 1426 3290 Pmnus
1436 3254 1476 3288 et
1484 3251 1511 3288 J
1513 3250 1699 3295 ohannes,
1709 3249 1911 3297 prohibiti,
1919 3249 2082 3286 neultra

1252 3315 1511 3363 loquerentur
1526 3313 1568 3348 in
1586 3311 1736 3348 nomini
1754 3311 1781 3348 J
1785 3321 1879 3355 ESU,
1904 3311 2000 3359 quid
2016 3323 2081 3349 re-

1253 3376 1487 3425 sponderint
1503 3387 1540 3411 v.
1567 3375 1603 3413 9.

1205 3438 1430 3475 Phantasiae
1448 3448 1571 3485 opera
1588 3447 1676 3484 quae
1694 3435 1720 3471 i.
1739 3437 1801 3472 20.

1206 3500 1395 3536 Pharisaei
1429 3498 1695 3535 traditionarii
1734 3508 1814 3545 quo
1857 3498 2016 3534 nomine
2058 3509 2083 3534 a

1258 3561 1419 3598 Christo
1436 3560 1665 3608 reprehensi
1683 3571 1718 3596 v.
1738 3561 1802 3596 34.

1207 3623 1440 3671 Philosophi
1457 3633 1537 3658 non
1555 3622 1732 3669 capiunt,
1757 3632 1845 3669 quae
1863 3621 2080 3658 illiteratis-

1257 3685 1378 3721 simus
1393 3684 1559 3732 quisque
1577 3694 1719 3731 capere
1736 3694 1777 3719 se
1790 3686 1908 3731 putat
1923 3683 1949 3719 i.
1969 3685 2029 3722 28.

1209 3746 1458 3782 annnnm
1476 3746 1626 3782 factum
1644 3744 1695 3781 iii.
1712 3746 1771 3781 10.
