2482 4166
418 256 442 304 l
452 255 518 304 22
675 260 761 303 DE
802 259 951 304 ADAE
960 259 1173 313 QUATA
1214 260 1343 305 CON
1346 261 1532 306 SCIEN
1536 260 1663 305 '1⁹1AE
1702 260 1979 306 REGULA.

414 392 653 444 Naturoe
667 394 885 452 tantum,
915 406 984 441 an
1012 387 1168 441 etiam
1196 394 1452 458 quatenus
1483 394 1603 442 sunt
1631 390 1784 443 illesi
1811 407 1844 441 a
1872 389 2004 451 Dec,
2037 387 2244 459 Deique

409 472 557 542 jussu
582 490 621 524 α
648 473 803 525 Mose
831 471 1020 542 populo
1049 470 1151 523 Dei
1172 471 1382 533 tradita,
1413 478 1467 524 et
1493 471 1547 523 in
1572 490 1744 524 sacros
1785 471 2000 524 Codices
2039 471 2242 524 relata:

416 554 531 607 aliis
568 561 845 624 utrumque
888 553 1274 618 affirmantibuS‚
1320 553 1433 605 aliis
1475 572 1504 605 e
1548 554 1746 606 duobus
1787 554 2009 607 alterum
2051 571 2245 625 negan-

416 637 556 690 tibus
577 637 607 689 5>
657 637 754 689 Est
783 643 837 689 et
863 636 918 688 in
946 635 1136 689 nostris
1164 634 1405 688 Ecclesiis
1434 636 1650 688 eandem
1677 636 1910 706 reperire
1950 637 2048 688 hac
2087 636 2153 688 de
2185 652 2246 687 re

416 721 817 781 sententiarum,
842 718 906 786 (si
933 725 1105 771 tamen
1134 719 1533 779 sententiarum,
1551 723 1606 770 et
1624 735 1728 769 non
1747 720 2026 771 verborum
2053 717 2245 788 potius)

419 801 786 855 diversitatem.
847 801 1091 854 Ceterum
1132 818 1248 853 cum
1277 806 1330 853 et
1357 799 1433 852 illi
1459 799 1595 852 inter
1623 817 1693 862 se,
1725 806 1779 852 et
1806 817 1900 851 nos
1925 818 2040 852 cum
2067 799 2165 851 illis
2191 799 2246 851 in
2325 793 2328 796 ⁴

418 902 479 936 eo
503 884 641 953 quod
663 882 741 935 rei
765 889 918 953 caput
946 889 1040 945 est,
1068 883 1315 935 hactenus
1344 881 1739 944 consentiamus3
1771 882 1966 934 habere
1988 882 2247 934 moralem

421 967 582 1035 leyem
609 983 737 1028 eam,
767 983 883 1034 quae
921 983 953 1017 a
981 966 1127 1017 Mose
1155 964 1351 1017 tradita
1386 971 1481 1027 est,
1512 971 1565 1018 et
1591 964 1645 1017 in
1664 966 1955 1034 praeceptis
1982 964 2249 1033 Decaloyi

418 1048 725 1109 continetur,
756 1049 866 1100 vim
895 1048 1176 1116 obliyandi
1202 1054 1407 1100 nostras
1438 1047 1848 1100 Christianorum
1882 1045 2246 1099 conscientias:

417 1129 637 1181 fortasse
672 1146 776 1180 non
805 1135 884 1181 est
910 1146 1082 1198 operae
1110 1129 1351 1199 pretium,
1381 1131 1522 1181 unde
1548 1129 1686 1181 illam
1712 1131 1994 1198 obliqomdi
2021 1131 2131 1181 vim
2160 1129 2249 1180 ob-

418 1211 597 1272 tineat,
627 1210 845 1262 multum
872 1209 1093 1281 litigare.
1153 1210 1447 1263 Consultius
1475 1217 1649 1263 tamen
1677 1210 1802 1262 mihi
1822 1210 1961 1280 loqui
1990 1209 2248 1272 videntur,

420 1293 508 1363 qui
536 1293 712 1346 dicunt
739 1294 936 1362 Leyem
961 1292 1101 1346 illam
1122 1294 1196 1345 M
1194 1294 1301 1346 osis
1327 1310 1431 1344 non
1452 1292 1683 1364 obligare
1701 1292 2021 1345 Christianos
2033 1294 2251 1362 forma-

423 1378 546 1429 liter
589 1382 642 1428 et
668 1393 770 1444 qua
800 1374 935 1436 talis,
964 1376 1062 1428 hoc
1091 1381 1170 1427 est
1210 1381 1462 1445 quatenus
1499 1393 1532 1427 a
1580 1377 1735 1428 Mose
1771 1374 1967 1427 tradita
2004 1382 2118 1437 est3
2160 1374 2252 1427 sed

420 1465 622 1510 tantum
650 1460 861 1510 ratione
886 1460 1144 1520 materiae,
1174 1464 1426 1527 quatenus
1452 1457 1769 1511 declarativa
1797 1464 1876 1511 est
1915 1459 2046 1527 Zeyis
2070 1459 2253 1511 Natu-

422 1542 564 1593 ralis
584 1561 601 1591 .·
629 1547 684 1592 et
708 1539 924 1609 proinde
952 1540 1055 1593 vim
1084 1558 1229 1593 suam
1257 1539 1520 1611 obligandi
1549 1558 1749 1593 omnem
1787 1559 1892 1593 non
1932 1541 1998 1593 ab
2032 1539 2252 1593 auctori-

422 1629 533 1674 tate
560 1624 634 1675 M
633 1624 739 1675 osis
767 1640 881 1674 eam
917 1622 1027 1675 sive
1063 1621 1277 1675 ferentis
1311 1622 1418 1675 sive
1460 1622 1714 1675 tradentis
1752 1622 2007 1685 derivare,
2051 1622 2143 1674 sed
2183 1622 2251 1674 ab

422 1704 535 1774 ipso
563 1706 841 1757 naturalis
870 1706 1000 1774 Zeyis
1029 1703 1319 1767 dictamine,
1350 1722 1504 1774 quam
1533 1706 1678 1757 Deus
1706 1704 1963 1757 mentibus
1989 1704 2179 1757 nostris
2199 1711 2253 1757 et

424 1786 609 1840 insevit
636 1786 689 1839 in
718 1786 884 1857 prima
911 1787 1188 1849 creatione,
1219 1793 1272 1839 et
1307 1793 1365 1840 ut
1394 1786 1675 1840 voluntatis
1709 1805 1816 1839 suae
1856 1786 2162 1839 monitorem
2198 1786 2253 1838 in

423 1869 604 1921 iisdem
646 1868 802 1921 etiam
839 1877 956 1939 post
989 1870 1186 1940 lapsum
1230 1869 1393 1923 voluit
1434 1887 1754 1939 permanere.
1834 1870 1963 1922 Haec
2007 1869 2073 1922 de
2110 1870 2253 1938 Leye

423 1962 606 2012 vetere,
637 1961 686 2004 et
710 1954 980 2005 Mosaica.

542 2034 776 2087 XXXII.
862 2036 979 2087 Lex
1021 2036 1185 2087 Nova
1222 2035 1333 2087 sive
1379 2034 1601 2096 Christi,
1636 2034 1734 2087 hoc
1762 2040 1856 2097 est,
1886 2036 2252 2104 Evanyelium

424 2115 528 2169 tria
569 2116 670 2169 ista
708 2116 968 2170 continet:
1011 2118 1085 2170 M
1079 2118 1286 2185 ysteria
1305 2118 1441 2185 fidei
1483 2116 1757 2180 credenda,
1802 2118 1897 2170 sub
1940 2135 2042 2188 quo
2084 2116 2254 2187 capite

424 2198 736 2269 complector
779 2206 832 2252 et
875 2201 1264 2253 Promissiones
1305 2198 1406 2251 Dei
1448 2198 1735 2270 gratuitas;
1776 2202 2043 2253 Instituta
2073 2200 2254 2252 Sacra

433 2283 828 2335 Ceremonialia
856 2289 910 2335 et
933 2281 1323 2345 Ecclesiastica3
1355 2288 1409 2334 et
1428 2284 1720 2353 Proecepta
1749 2281 1954 2335 demum
1982 2283 2251 2335 Moralia.

425 2364 510 2415 De
535 2364 718 2435 quibus
747 2365 875 2427 dico,
907 2372 961 2418 et
987 2367 1247 2418 Primum
1275 2364 1341 2417 de
1384 2363 1618 2417 omnibus
1660 2363 1957 2427 universim,
2001 2367 2253 2432 Evanye-

429 2447 563 2498 lium
590 2466 695 2499 non
724 2449 966 2517 obliyare
992 2449 1105 2500 nisi
1142 2457 1372 2510 vocato&
1410 2446 1467 2499 id
1504 2453 1598 2508 est,
1632 2465 1720 2500 eos
1758 2447 1892 2499 solos
1935 2446 2119 2517 quibus
2161 2464 2255 2498 an-

426 2528 722 2582 nunciatum
750 2537 844 2583 est.
934 2529 1072 2593 Quia
1098 2529 1187 2582 ubi
1214 2531 1334 2583 Leoe
1362 2548 1468 2582 non
1496 2539 1587 2592 est,
1617 2548 1712 2583 nec
1751 2531 2106 2600 transyressio
2144 2545 2256 2581 esse

428 2737 599 2781 among
618 2723 699 2767 the
725 2724 1018 2777 Schoolmen,
1040 2724 1251 2770 whether
1272 2725 1527 2770 Christianis
1547 2740 1627 2770 are
1653 2726 1814 2770 bound
1841 2726 1906 2784 by
1929 2725 2012 2770 the
2041 2729 2256 2784 precepta

428 2795 484 2839 of
499 2794 580 2838 the
599 2795 881 2852 Decalogue,
907 2796 1016 2854 only
1040 2810 1089 2840 as
1111 2797 1252 2854 being
1280 2811 1309 2840 a
1339 2797 1625 2840 declaration
1655 2798 1710 2841 of
1729 2797 1813 2841 the
1841 2798 1953 2840 Law
1983 2797 2037 2841 of
2060 2798 2257 2848 Nature,

427 2880 483 2910 or
502 2867 599 2910 also
620 2879 670 2910 as
690 2866 831 2924 being
848 2867 985 2924 given
1005 2871 1056 2911 to
1075 2868 1230 2912 Moses
1248 2867 1456 2921 3—-little
1483 2881 1614 2911 more
1645 2868 1762 2911 than
1797 2883 1825 2911 a
1844 2868 2004 2911 verbal
2040 2868 2252 2925 dispute:

429 2938 516 2981 but
534 2938 572 2980 it
592 2951 740 2982 seems
764 2942 813 2981 to
839 2952 892 2982 us
914 2938 1038 2982 safer
1061 2944 1110 2983 to
1146 2953 1228 2997 say
1247 2939 1351 2982 that
1371 2939 1452 2983 the
1478 2940 1589 2982 Law
1614 2938 1668 2982 of
1693 2939 1847 2982 Moses
1879 2938 1961 2981 has
1994 2942 2093 2989 not,
2119 2940 2169 2980 in
2195 2939 2255 2981 its

429 3009 584 3061 Form,
605 3023 632 3052 a
655 3023 813 3067 power
833 3009 888 3053 of
913 3010 1108 3067 binding
1134 3010 1404 3062 Christians,
1422 3010 1510 3054 but
1529 3010 1639 3068 only
1662 3010 1712 3052 in
1731 3011 1882 3053 virtue
1908 3009 1962 3052 of
1986 3009 2045 3052 its
2066 3009 2257 3059 Matter,

429 3094 479 3123 as
507 3080 648 3138 being
684 3081 964 3125 declarative
1002 3081 1056 3125 of
1084 3081 1167 3125 the
1199 3082 1312 3125 Law
1348 3081 1403 3125 of
1431 3082 1628 3125 Nature.
1705 3082 1800 3124 But
1823 3094 1892 3124 we
1917 3079 1978 3123 do
2003 3084 2088 3123 not
2110 3080 2257 3124 doubt

428 3150 532 3195 that
556 3152 594 3195 it
617 3152 656 3195 is
674 3151 881 3209 binding.

531 3227 603 3267 32.
680 3222 781 3266 The
800 3224 849 3267 N
850 3237 917 3267 ew
936 3224 1060 3274 Law,
1083 3223 1164 3268 the
1183 3224 1294 3268 Law
1315 3223 1369 3268 of
1385 3223 1553 3276 Christ,
1572 3222 1655 3267 the
1678 3221 1866 3280 Gospel,
1892 3222 2103 3266 contains
2123 3219 2258 3266 three

429 3294 819 3351 portions3—the
842 3295 1089 3352 Mysteries
1121 3295 1176 3340 of
1200 3295 1352 3348 Faith,
1383 3295 1622 3352 including
1651 3294 1734 3338 the
1771 3294 2005 3339 Promises
2035 3293 2090 3337 of
2123 3292 2257 3344 God;

430 3364 512 3409 the
539 3365 826 3410 Ordinances
848 3366 903 3410 of
922 3367 1003 3412 the
1025 3366 1240 3419 Church3
1278 3367 1373 3410 and
1392 3367 1473 3411 the
1493 3366 1647 3410 Moral
1666 3367 1905 3424 Precepts.
1978 3365 2066 3409 We
2091 3377 2186 3421 say,

522 3436 647 3479 First
659 3452 676 3486 ;
709 3437 832 3481 That
852 3438 935 3482 the
967 3438 1142 3496 Gospel
1162 3439 1272 3482 does
1293 3443 1377 3482 not
1398 3439 1552 3495 obligo
1573 3452 1665 3495 any
1686 3441 1850 3495 except
1869 3436 2004 3480 those
2027 3440 2078 3479 to
2105 3434 2257 3478 whom

431 3505 470 3549 it
493 3506 532 3550 is
559 3509 849 3553 announced.
904 3510 968 3553 So
993 3511 1131 3554 Rom.
1159 3511 1217 3554 iv.
1242 3515 1322 3553 15:
1363 3510 1390 3531 “
1406 3509 1580 3553 Where
1603 3508 1738 3552 there
1757 3509 1796 3552 is
1816 3520 1878 3551 no
1904 3508 2028 3557 Law,
2054 3504 2189 3548 there
2218 3505 2256 3547 is

432 3589 494 3619 no
514 3579 895 3635 transgression.''
957 3581 1019 3624 So
1040 3581 1181 3626 John.
1206 3594 1281 3626 xv.
1307 3586 1378 3626 22.
1456 3582 1550 3624 But
1576 3581 1613 3623 it
1632 3579 1743 3623 does
1768 3578 1922 3635 oblige
1941 3576 2006 3620 all
2034 3580 2084 3620 to
2105 3575 2258 3618 whom

433 3646 471 3688 it
494 3647 532 3690 is
562 3651 850 3702 announced,
879 3655 929 3695 to
958 3652 1214 3696 obedience
1243 3652 1360 3696 both
1385 3652 1440 3697 of
1463 3650 1603 3695 Faith
1633 3650 1725 3693 and
1756 3648 1811 3693 of
1835 3648 1969 3700 Life3
1999 3652 2049 3693 to
2079 3646 2258 3691 believe

434 3715 483 3758 in
510 3716 663 3762 Christ
683 3733 732 3763 as
751 3720 875 3764 their
898 3722 1174 3775 Redeemer,
1191 3728 1241 3767 to
1263 3723 1384 3780 obey
1401 3723 1499 3772 him
1520 3735 1571 3766 as
1594 3720 1718 3772 their
1737 3720 1988 3776 Lawgiver.
