2482 4166
782 247 1164 293 PRAELEOTIO
1207 249 1498 295 SEPTIMA.
1951 248 2058 303 227

225 379 456 448 eliyendi
504 375 591 446 jus
642 381 750 429 est:
798 375 886 445 qui
930 382 1145 445 peracta
1186 377 1449 438 electione,
1509 394 1613 429 non
1668 377 1864 432 habent
1919 380 2057 436 ultra

225 459 362 529 quod
406 464 582 531 agant,
626 457 746 528 jure
790 456 1030 510 nimirum
1074 464 1127 509 et
1162 456 1471 511 auctoritate
1508 457 1820 529 praesidendi
1848 462 1908 512 in
1926 481 2055 530 per-

223 559 409 595 sonam
454 542 674 595 electam
731 539 1008 602 translatis»,
1060 538 1203 610 eujus
1252 539 1497 609 potestati
1554 540 1793 612 deinceps
1844 543 2056 595 subesse

220 629 478 686 tenentur,
509 629 562 676 et
588 622 642 674 in
671 623 917 676 electione
952 639 1106 691 quam
1144 621 1242 692 ipsi
1280 621 1515 675 fecerunt
1543 622 1900 692 acquiescere3
1940 643 2051 687 nec,

221 705 265 757 si
306 707 499 759 electus
536 699 804 777 indignum
845 722 900 757 se
939 703 1256 776 Magistratu
1299 704 1599 775 praebuerit,
1646 705 1759 760 aliis
1801 704 1856 759 id
1898 723 2054 777 quam

220 786 544 857 sibimetipsis
585 787 854 857 imputare.

345 871 524 922 XXII.
613 871 902 922 Potuerunt
946 868 1061 931 ista,
1101 868 1286 931 fateor,
1325 866 1530 941 longius
1573 867 1805 940 porrigi:
1850 875 1903 923 et
1942 870 2053 940 qui-

222 952 339 1005 dem
382 951 595 1023 dignum
638 958 773 1004 esset
816 968 974 1022 opera
1002 950 1241 1021 pretium,
1270 950 1484 1004 liberius
1513 969 1789 1004 excurrere
1819 951 1872 1004 in
1900 952 2052 1006 istam

220 1032 593 1104 probationem,
625 1039 679 1087 et
719 1040 828 1086 tam
864 1032 1030 1086 noxiae
1072 1051 1132 1086 ac
1169 1033 1223 1085 in
1260 1033 1561 1087 seditionem
1589 1033 1886 1105 pullulantis
1914 1035 2052 1088 radi-

221 1115 292 1168 cis
320 1116 476 1168 fibras
506 1133 680 1168 omnes
709 1134 775 1168 ex
803 1115 983 1169 animis
1012 1116 1272 1168 hominum
1310 1117 1513 1186 penitus
1552 1116 1789 1180 evellere,
1835 1117 1933 1169 nisi
1967 1136 2051 1171 me

220 1197 468 1269 temporis
507 1205 560 1252 et
600 1198 823 1252 instituti
865 1198 966 1251 mei
1007 1199 1156 1263 rati0,
1196 1216 1256 1251 eo
1293 1199 1431 1252 unde
1461 1216 1697 1270 egressus
1726 1218 1854 1262 sum,
1900 1217 2051 1253 revo-

221 1287 380 1335 caret.
468 1282 580 1334 Neo
627 1279 860 1333 fortassis
901 1280 1117 1333 multum
1169 1297 1296 1351 opus
1352 1287 1431 1334 est
1478 1281 1576 1333 hac
1624 1280 1680 1333 in
1725 1300 1784 1334 re
1829 1281 2052 1353 longiori

221 1379 472 1426 excursu3
517 1382 632 1416 cum
672 1369 725 1417 et
772 1382 838 1415 ex
874 1362 955 1415 his
993 1381 1109 1433 quae
1145 1362 1254 1433 jam
1302 1362 1440 1416 dicta
1482 1369 1602 1416 sunt
1645 1363 1770 1416 satis
1814 1371 2052 1419 constare

219 1461 369 1514 posse
415 1445 657 1507 arbitrer,
702 1463 857 1515 quam
908 1452 1105 1498 temere
1155 1444 1305 1497 simul
1356 1451 1410 1498 et
1459 1444 1743 1516 periculose
1788 1446 1899 1497 haec
1942 1452 2050 1498 tam

220 1534 368 1580 vasta
412 1527 599 1598 populo
631 1538 875 1597 potestas
913 1526 1262 1589 attribuatur3
1303 1533 1357 1579 et
1394 1526 1508 1579 aliae
1537 1533 1816 1597 suppetant
1850 1527 2052 1580 idoneae

217 1608 458 1671 rationes,
503 1627 619 1679 quae
661 1615 720 1662 ut
761 1609 816 1661 in
852 1608 1079 1661 ferendis
1122 1608 1323 1680 legibus
1353 1610 1550 1678 populi
1587 1608 1742 1661 etiam
1771 1628 2053 1664 consensus

170 1698 190 1740 1
217 1690 429 1743 accedat
457 1697 509 1744 et
535 1690 856 1761 approbati0,
887 1691 1220 1744 vehementer
1248 1691 1609 1760 persuadeant.
1684 1693 1900 1755 Primo,
1932 1692 2054 1763 quia

218 1774 337 1826 Leoe
365 1772 521 1826 debet
550 1791 659 1826 esse
689 1776 840 1829 (Ινοῦς
869 1767 992 1828 ἄνευ
1019 1769 1266 1848 ὀρέξεως,
1298 1775 1456 1826 Mens
1485 1776 1810 1844 cupiditatis
1839 1793 2053 1844 expers.-

209 1853 354 1924 jussa
380 1862 554 1908 autem
583 1858 930 1925 Principum,
974 1854 1028 1907 in
1066 1855 1344 1909 aulicorum
1383 1862 1437 1909 et
1473 1857 1798 1910 adulatorum
1827 1857 2052 1928 gratiam

215 1944 412 1990 temere
441 1945 494 1991 et
520 1937 817 1991 inconsultis
846 1936 1061 1990 subditis
1090 1937 1287 2000 emissa,
1327 1944 1446 1991 sunt
1487 1938 1598 1991 fere
1640 1935 1764 2001 μετ’
1807 1936 2048 2014 ὀρέξεως,

163 2026 193 2068 2
215 2020 391 2089 pravis
420 2038 604 2090 nempe
631 2019 989 2091 impotentium
1018 2022 1304 2088 affectu-um
1331 2019 1652 2090 cupidinibus
1681 2020 1877 2074 vitiata.
1957 2025 2053 2076 Se-

216 2104 403 2163 cunolo,
441 2101 562 2171 quia
603 2105 771 2171 Leqes
813 2102 930 2164 illae,
977 2119 1092 2171 quae
1135 2120 1249 2154 cum
1285 2109 1644 2172 proponuntur
1683 2103 1915 2167 subditis,
1946 2122 2049 2157 non

216 2184 517 2252 probantur,
560 2186 841 2237 moraliter
885 2186 1138 2254 loquendo
1178 2190 1546 2253 presumuntur
1581 2203 1691 2238 esse
1720 2192 1812 2238 aut
1837 2187 2052 2254 injustoe

216 2265 270 2316 in
313 2283 383 2327 se,
428 2272 520 2318 aut
559 2266 777 2319 subditis
815 2284 1043 2319 onerosoe
1082 2264 1247 2328 nimiS,
1291 2272 1382 2317 aut
1431 2266 1614 2319 saltem
1659 2269 1881 2321 inutiles
1916 2269 2051 2321 bono

215 2346 451 2417 publico;
497 2354 550 2401 et
595 2347 811 2417 proinde
861 2346 1124 2417 ejusmodi,
1176 2354 1235 2400 ut
1281 2347 1524 2417 expediat
1562 2367 1649 2401 eas
1695 2368 1799 2402 non
1842 2351 2048 2413 sanciri,

218 2446 375 2497 quum
419 2429 486 2482 sit
532 2429 850 2500 Reipublicae
890 2428 1042 2482 valde
1084 2428 1476 2492 incommodum,
1508 2431 1838 2502 multiplicari
1878 2434 2050 2501 Leyes

166 2517 195 2557 3
219 2510 327 2563 sine
356 2511 674 2565 necessitate.
773 2514 974 2574 Tertio,
1006 2510 1126 2581 quia
1154 2513 1324 2581 Leyes
1344 2510 1455 2581 jam
1483 2512 1713 2585 legitime
1748 2514 2053 2568 constitutas

508 2702 528 2728 q
553 2695 726 2733 Aristot.
756 2694 914 2733 Politic.
933 2694 1023 2733 Lib.
1043 2705 1110 2732 111.
1131 2694 1234 2743 [cap.
1261 2693 1439 2743 xi.·Sect.
1457 2695 1493 2739 4,
1513 2693 1576 2731 ed.
1598 2692 1751 2742 Stahr.]

309 2816 382 2855 22.
445 2812 532 2856 We
566 2825 646 2856 are
672 2812 965 2870 considering
992 2812 1096 2871 why
1116 2811 1198 2856 the
1219 2817 1413 2857 consent
1439 2811 1493 2856 of
1518 2812 1600 2856 the
1623 2812 1801 2870 People
1826 2812 1864 2856 is
1891 2827 2052 2858 neces-

216 2896 323 2940 sary
346 2886 397 2927 to
417 2882 499 2927 the
517 2883 711 2942 validity
732 2883 787 2927 of
799 2884 946 2936 Laws,
966 2882 1112 2938 (Sect.
1144 2878 1220 2934 14)
1237 2900 1250 2937 3
1288 2883 1381 2927 and
1397 2897 1466 2927 we
1486 2884 1644 2941 reJect,
1663 2896 1725 2926 on
1744 2883 1826 2927 the
1846 2884 2052 2940 grounds

214 2966 319 2997 now
356 2954 584 3011 assigned,
619 2953 701 2998 the
738 2955 947 2999 doctrine
981 2955 1085 2999 that
1117 2954 1210 2999 this
1248 2956 1286 2998 is
1324 2968 1390 3007 so,
1426 2954 1625 2999 because
1665 2955 1857 2998 Princes
1894 2954 2052 2999 derive

214 3023 338 3067 their
367 3038 525 3081 power
548 3026 671 3069 from
694 3025 777 3070 the
800 3026 993 3083 People.
1055 3026 1143 3069 We
1169 3025 1289 3070 shall
1315 3038 1420 3069 now
1453 3026 1557 3082 give
1588 3024 1724 3082 other
1755 3038 1943 3069 reasons
1976 3025 2052 3069 for

214 3093 308 3137 this
337 3096 581 3152 necessity.

303 3164 429 3207 Fir-st
444 3180 458 3206 .·
496 3166 703 3209 Because
732 3166 843 3209 Law
863 3165 1009 3223 ought
1034 3169 1083 3209 to
1102 3165 1162 3209 be
1187 3166 1484 3223 intelligence
1504 3165 1700 3210 without
1720 3166 1935 3223 passion3
1965 3166 2052 3211 but

216 3232 298 3277 the
318 3235 586 3278 commands
612 3235 667 3278 of
685 3236 891 3286 Princes,
923 3237 1060 3293 given
1083 3240 1134 3280 to
1158 3236 1331 3294 gratify
1361 3237 1602 3289 courtiers,
1621 3236 1819 3280 without
1845 3237 2051 3282 consult·-

215 3304 296 3362 ing
319 3304 401 3348 the
427 3305 640 3362 subJects,
666 3319 745 3349 are
771 3306 902 3349 often
927 3307 1161 3363 depraved
1179 3307 1243 3364 by
1262 3307 1484 3363 passions.

308 3374 552 3433 Secondly:
589 3377 796 3420 Because
821 3376 955 3421 those
978 3377 1111 3421 Laws
1139 3376 1302 3429 which,
1322 3377 1458 3421 when
1484 3377 1719 3435 proposed
1745 3381 1795 3421 to
1826 3377 1908 3423 the
1939 3380 2047 3424 sub-

211 3446 346 3503 jects,
372 3461 452 3491 are
477 3451 561 3491 not
588 3447 841 3505 approved,
869 3461 949 3491 are
972 3447 1170 3505 morally
1194 3447 1433 3505 speaking,
1462 3447 1712 3505 presumed
1738 3452 1788 3492 to
1814 3448 1874 3493 be
1899 3450 2052 3495 either

216 3518 389 3574 unjust,
414 3531 468 3562 or
494 3522 574 3562 too
599 3518 947 3571 burthensome,
974 3532 1027 3562 or
1053 3524 1103 3562 at
1129 3518 1247 3562 least
1271 3518 1469 3571 useless3
1500 3519 1594 3562 and
1625 3519 1876 3574 therefore,
1904 3521 2051 3579 ought

216 3592 301 3632 not
324 3592 374 3632 to
399 3589 459 3632 be
484 3589 768 3634 sanctioned.

309 3660 498 3717 Thirdly
512 3676 525 3702 .·
551 3661 758 3704 Because
778 3660 924 3712 Laws,
944 3660 1249 3719 legitimately
1270 3660 1565 3713 established,
1587 3675 1694 3719 may
1714 3661 1774 3705 be
1794 3661 2052 3720 abrogated

217 3729 281 3787 by
306 3734 524 3790 contrary
549 3735 740 3784 custom‚
763 3745 814 3777 so
840 3745 889 3777 as
909 3735 959 3776 to
984 3732 1081 3776 lose
1109 3731 1233 3777 their
1258 3731 1515 3790 obligation
1537 3733 1601 3793 by
1633 3733 1815 3785 disuse;
1847 3734 1939 3777 and
1960 3734 2053 3780 this

1698 3823 1882 3874 15-2
