2482 4166
840 284 1225 330 PRAELECTIO
1267 285 1535 332 OCTAVA.
2005 281 2112 331 255

274 414 346 469 sic
386 411 472 467 isti
513 410 723 466 nimium
764 413 943 481 riyide
984 410 1387 482 pronunciarint.
1468 412 1546 463 Ut
1599 428 1726 482 ergo
1781 412 1836 464 in
1887 431 1948 466 re
2003 420 2112 468 tam

274 495 445 557 dubia,
490 494 621 547 certi
662 493 860 563 aliquid
900 494 1038 563 quod
1089 511 1367 563 sequamur
1405 493 1722 546 habeamus:
1762 500 1872 546 esto
1901 495 2013 547 haec

399 577 710 630 Concnusm
756 576 1033 628 SECUNDA.
1104 577 1223 629 Lem
1243 594 1385 644 pure
1405 576 1659 645 poenali-3,
1686 593 1786 644 per
1809 594 1863 628 sc
1886 587 1935 628 et
1961 580 2112 630 ordi-

274 661 446 721 narie,
478 660 683 728 obliyat
710 668 920 711 tantum
949 660 1027 710 ad
1038 676 1273 727 poenam,
1297 676 1403 710 non
1430 659 1558 710 item
1581 659 1657 710 ad
1685 659 1919 727 culpam.
1980 657 2112 711 Dico

226 751 248 791 1
265 744 466 811 primo,
494 743 612 794 Lem
629 759 772 811 pure
791 742 1030 810 poenalis
1053 761 1070 792 .·
1113 739 1222 792 sive
1252 758 1313 792 ea
1341 739 1630 810 categorice
1659 739 1975 802 enuncietur‚
2003 740 2114 794 sive

222 832 252 873 2
276 822 593 894 disjunctive.
681 823 810 875 Dico
839 825 1081 884 secundm
1104 825 1222 876 Per
1249 841 1302 875 se
1319 844 1337 875 :
1383 821 1504 891 quia
1531 839 1627 891 per
1668 821 1918 885 accidenS‚
1961 829 2016 875 et
2047 841 2114 876 ex

273 905 619 976 suppositione
635 907 850 975 prioris
877 906 1225 972 obliyationis
1253 910 1425 973 potest
1453 904 1684 975 obligare
1714 910 1768 956 et
1795 904 1863 956 ad
1892 904 2110 975 culpam.

276 988 408 1039 Cum
436 987 627 1039 scilicet
657 988 739 1039 lex
757 988 996 1056 poenalis
1030 1004 1091 1038 eo
1130 986 1231 1037 fine
1259 985 1367 1038 lata
1396 992 1489 1048 est,
1520 994 1580 1038 ut
1621 997 1763 1039 metu
1792 1006 1967 1056 poenae
1995 988 2114 1040 sub-

273 1068 369 1121 diti
407 1075 658 1140 cogantur
699 1069 768 1120 ad
806 1070 1048 1137 officium,
1093 1068 1161 1120 ad
1205 1068 1343 1137 quod
1381 1075 1504 1120 ante
1548 1068 1766 1139 obligati
1812 1076 1963 1121 erant
2004 1071 2113 1139 ἷ696

272 1150 445 1220 aliqua
472 1150 662 1220 priore,
693 1152 901 1212 divina,
933 1152 1199 1211 naturali,
1217 1157 1308 1202 aut
1329 1152 1587 1203 humana.
1631 1151 1714 1202 Sic
1734 1150 1847 1203 istae
1869 1152 2110 1220 poenaleS,

276 1239 308 1261 ‘⁶
330 1235 439 1296 Qui
475 1235 736 1285 hominem
766 1235 1041 1295 occiderit,
1082 1235 1260 1301 capite
1291 1234 1564 1302 plectitor.
1648 1235 1757 1294 Qui
1795 1252 1992 1287 merces
2028 1253 2113 1287 ex-

264 1325 472 1383 portat,
505 1325 604 1366 aut
631 1316 866 1383 vectiyal
892 1325 1016 1367 ante
1050 1316 1254 1380 εοίυἰτο,
1301 1325 1401 1367 aut
1438 1333 1633 1368 merces
1668 1317 1955 1377 amittito,''
1987 1316 2112 1368 obli-

273 1404 402 1467 gant
444 1399 522 1449 ad
564 1398 782 1466 culpam
806 1417 824 1448 .·
866 1396 940 1449 ita
981 1403 1040 1449 ut
1083 1395 1443 1448 conscientiam
1485 1415 1589 1448 non
1627 1396 1926 1449 liberaverit
1954 1397 2113 1467 siquis

264 1497 485 1547 poenam
514 1478 744 1540 subierit,
769 1477 865 1530 nisi
894 1485 947 1531 et
962 1480 1320 1547 praeceptioni
1351 1480 1481 1546 leyis
1503 1478 1755 1547 paruerit.
1795 1480 1915 1530 Non
1936 1486 2113 1531 tamen

263 1578 368 1629 per
415 1579 470 1613 se
512 1570 562 1612 ct
604 1562 804 1613 virtute
837 1562 1080 1629 propria
1126 1560 1198 1611 sic
1241 1559 1490 1630 obligant,
1530 1560 1623 1612 sed
1669 1559 1722 1612 vi
1764 1561 2113 1628 obliyationis

263 1644 631 1710 proecedaneae
677 1659 743 1693 ex
787 1641 1059 1694 anterioris
1109 1640 1323 1710 alicujus
1363 1640 1493 1711 legis
1535 1640 1882 1711 praeceptione
1926 1650 2108 1696 enatae.

275 1723 549 1794 Obligatus
575 1722 710 1775 enim
740 1729 855 1775 erat
878 1722 1127 1785 subditus,
1152 1721 1300 1775 dictis
1321 1722 1525 1793 legibus
1543 1740 1609 1774 ex
1630 1723 1912 1793 hypothesi
1933 1731 2112 1778 nostra

270 1805 498 1857 nondum
527 1804 660 1867 latis,
692 1811 746 1857 et
776 1806 884 1873 Ζ696
921 1807 1117 1857 divina
1159 1822 1226 1857 ne
1264 1811 1594 1875 perpetraret
1628 1807 2017 1867 homicidium;
2058 1813 2112 1860 et

219 1892 248 1934 3
274 1889 381 1956 Ζ696
409 1889 626 1956 patria,
664 1886 732 1939 ad
772 1888 1067 1956 vectiqalia
1095 1886 1350 1956 imperata
1379 1886 1695 1939 solvendum.
1783 1887 1913 1939 Dico
1954 1891 2112 1941 tertio

280 1972 576 2022 Ordinaric
600 1989 617 2022 .·
670 1968 790 2038 quia
827 1968 940 2021 fieri
981 1975 1153 2039 potest
1187 1971 1640 2030 coetraordinarie,
1677 1987 1852 2021 rerum
1885 1988 2111 2039 praesen-

270 2051 399 2103 tium
431 2058 570 2105 statu
609 2058 663 2104 et
706 2050 998 2103 conditione
1035 2050 1105 2102 sic
1139 2050 1398 2120 exigente,
1439 2057 1498 2102 ut
1537 2050 1675 2119 quod
1720 2050 1848 2103 alias
1885 2053 2112 2105 liberum

273 2140 407 2186 esset
430 2133 783 2203 potuissetque
802 2132 982 2193 omitti,
1004 2132 1191 2184 evadat
1209 2151 1317 2200 pro
1336 2134 1425 2185 hio
1447 2142 1496 2185 ct
1523 2151 1665 2184 nunc
1686 2132 1758 2185 ita
1782 2133 1923 2186 factu
1941 2153 2112 2188 neces-

272 2217 500 2277 sarium,
545 2221 604 2267 ut
643 2220 821 2283 peccet
850 2221 903 2266 et
932 2213 1091 2266 officio
1120 2232 1211 2265 suo
1242 2214 1375 2266 desit
1401 2214 1490 2283 qui
1529 2213 1750 2284 idipsum
1779 2233 1882 2267 non
1911 2215 2107 2270 fecerit.

277 2299 574 2349 Ordinaric
622 2302 811 2358 tamen,
861 2302 915 2348 et
956 2302 1108 2348 extra
1154 2313 1300 2348 casus
1347 2296 1595 2365 ejusmodi
1640 2297 1962 2369 singulares3
2023 2298 2112 2367 qui

270 2385 484 2448 paratus
513 2384 591 2431 est
609 2396 831 2447 poenam
859 2376 963 2446 legi
989 2377 1276 2447 appositam
1305 2378 1494 2443 subire,
1522 2378 1639 2449 lege
1666 2379 1769 2442 illa,
1800 2378 1844 2432 si
1882 2379 1949 2431 sit
1968 2399 2111 2449 pure

261 2462 515 2531 poenalis,
545 2478 649 2511 non
676 2459 815 2511 ultra
842 2465 1080 2521 tenetur3

384 2543 591 2595 XVIII.
679 2540 839 2592 Ratio
888 2540 1045 2592 totius
1095 2542 1460 2594 Conclusionis
1498 2547 1591 2603 est,
1639 2540 1760 2611 quia
1805 2544 2110 2611 Leyislator

269 2642 373 2676 non
398 2624 598 2695 obligat
624 2622 722 2675 nisi
743 2624 1110 2697 praecipiendo
1127 2642 1144 2674 .·
1186 2622 1404 2693 proinde
1428 2624 1655 2692 simplex
1676 2626 1968 2688 ordinati0‚
1993 2643 2110 2695 quae

268 2812 398 2870 prior
422 2812 677 2870 obligation
697 2813 735 2857 it
755 2827 863 2872 may
884 2814 1038 2872 oblige
1058 2816 1209 2860 under
1228 2816 1350 2862 fault
1370 2817 1479 2861 also.
1535 2816 1599 2861 As
1620 2816 1755 2861 when
1780 2831 1809 2860 a
1828 2818 1977 2861 Penal
1997 2818 2110 2861 Law

269 2884 308 2927 is
333 2883 469 2940 given
493 2889 542 2928 to
564 2885 747 2942 compel
771 2900 880 2929 men
904 2890 955 2930 to
976 2886 1128 2931 duties
1154 2893 1204 2932 to
1229 2888 1381 2932 which
1404 2889 1518 2946 they
1537 2902 1658 2931 were
1677 2888 1836 2932 bound
1856 2888 2020 2931 before
2045 2890 2109 2946 by

269 2954 394 3005 Law,
421 2955 589 3008 divine,
613 2957 815 3009 natural,
841 2971 895 3000 or
915 2957 1114 3002 human:
1148 2973 1212 3011 as,
1241 2960 1455 3003 “Whoso
1481 2960 1602 3016 slays
1628 2973 1656 3001 a
1680 2973 1804 3010 man,
1834 2959 1902 3001 let
1925 2958 2023 3000 him
2048 2960 2109 3003 be

270 3030 357 3082 put
380 3030 430 3069 to
456 3026 657 3070 death:”
688 3027 905 3071 “Whoso
938 3034 1124 3086 exports
1158 3030 1317 3086 goods,
1341 3031 1409 3073 let
1438 3030 1538 3072 him
1568 3043 1660 3086 pay
1686 3029 1768 3071 the
1800 3033 2017 3080 customs,
2055 3043 2110 3073 or

271 3096 434 3139 forfeit
457 3097 539 3140 the
573 3098 777 3154 goods:’'
807 3098 941 3141 these
967 3100 1120 3155 oblige
1145 3101 1297 3143 under
1319 3100 1453 3152 fault,
1479 3114 1530 3143 so
1556 3099 1660 3143 that
1695 3113 1724 3141 a
1755 3112 1865 3141 man
1886 3099 1996 3141 does
2024 3104 2110 3143 not

272 3166 434 3222 satisfy
452 3166 524 3209 his
544 3168 828 3219 conscience,
852 3168 955 3211 who
980 3170 1175 3212 submits
1201 3175 1251 3213 to
1276 3170 1358 3212 the
1381 3171 1602 3227 penalty3
1631 3169 1692 3212 he
1717 3173 1844 3212 must
1866 3169 1963 3213 also
1989 3170 2110 3228 obey

272 3235 354 3278 the
375 3236 499 3279 Law.
558 3236 653 3278 But
676 3236 768 3279 this
795 3238 1050 3294 obligation
1072 3240 1213 3283 arises
1239 3244 1323 3283 out
1347 3240 1401 3283 of
1416 3240 1498 3284 the
1516 3239 1770 3297 preceding
1795 3240 1918 3291 Law,
1940 3239 2096 3284 divine

273 3306 324 3348 in
347 3305 429 3348 the
455 3318 544 3348 one
565 3319 684 3357 case,
703 3306 878 3350 human
899 3308 948 3350 in
972 3309 1054 3352 the
1075 3309 1224 3354 other.

367 3380 420 3427 33
455 3375 753 3433 Ordinarily;
784 3377 860 3420 for
891 3378 929 3421 it
958 3393 1066 3436 may
1090 3379 1278 3438 happen
1309 3382 1358 3423 in
1384 3381 1735 3439 extraordinary
1759 3393 1886 3425 cases
1911 3381 2017 3425 that
2045 3381 2109 3427 he

273 3450 580 3503 transgresses
601 3447 718 3504 duty
737 3461 787 3491 as
812 3449 916 3491 well
940 3463 988 3493 as
1009 3450 1163 3494 incurs
1188 3451 1503 3508 punishment.

368 3522 440 3560 18.
502 3517 602 3560 The
622 3532 788 3561 reason
805 3520 858 3570 is,
879 3519 983 3563 that
1002 3534 1031 3563 a
1050 3522 1215 3579 purely
1232 3522 1381 3565 Penal
1396 3524 1507 3565 Law
1527 3523 1738 3566 contains
1758 3536 1820 3566 no
1842 3524 2104 3569 command.

273 3588 324 3631 If
343 3588 424 3631 the
447 3588 709 3644 Legislator
727 3590 954 3634 intended
979 3595 1028 3634 to
1055 3592 1208 3648 oblige
1239 3593 1390 3637 under
1408 3593 1544 3646 fault,
1563 3593 1625 3637 he
1648 3593 1800 3650 might
1821 3594 1965 3652 easily
1988 3594 2109 3639 have

272 3659 372 3703 said
402 3672 467 3703 so.

356 3729 457 3775 The
482 3744 608 3775 same
629 3731 667 3776 is
688 3735 792 3777 true
814 3732 868 3777 of
883 3733 1028 3779 Local
1047 3734 1193 3788 Laws,
1220 3734 1357 3794 “Bye
1377 3735 1550 3789 Laws,”
1572 3736 1709 3781 made
1730 3739 1780 3782 at
1799 3735 1880 3781 the
1898 3736 2107 3782 Sessions
