2482 4166
745 258 1130 305 PRAELEOTIO
1173 258 1489 304 SECUNDA.
1969 254 2037 305 53

149 412 181 453 4
202 391 339 465 quod
386 390 486 445 dici
530 389 675 451 solet,
726 390 871 440 Bene
915 387 1154 449 curritiS,
1195 389 1288 440 sed
1338 397 1493 440 extra
1538 387 1702 440 viam.
1792 387 2034 459 Cogitate

201 473 437 544 denique,
475 474 712 543 yloriam
748 472 860 523 Dei
895 476 1132 539 respectu
1168 468 1423 521 actionum
1461 468 1798 541 singularium
1837 470 2033 524 habere

199 557 451 610 rationem
469 557 604 624 finis
634 553 1136 607 transcendentalis.
1202 554 1634 606 Trans-<tendenti
1660 559 1834 605 autem
1863 552 2034 622 palam

200 646 279 693 est
306 638 500 691 nullum
528 636 849 690 individuum
874 633 1169 686 immediate
1199 634 1409 704 subjici:
1454 635 1597 688 velut
1629 636 1787 696 Enii,
1823 645 1884 687 ut
1911 637 2035 688 Eris

200 728 294 784 est,
338 739 443 774 non
484 718 779 772 immediate
821 716 1087 787 subjicitur
1129 715 1337 786 aliquod
1374 719 1608 770 Eritium
1651 719 2032 787 sinyularium,

199 804 308 858 sive
337 801 690 864 substantiale,
721 800 831 853 sive
859 799 1189 852 accidentale.
1272 799 1414 852 Sicut
1450 818 1577 872 ergo
1604 803 1726 853 Ens
1766 811 2037 854 transcen-

198 887 409 940 dentale
437 885 731 939 verificatur
757 883 823 935 de
853 881 991 935 omni
1017 885 1179 944 Eme,
1218 881 1326 935 sive
1371 882 1428 935 id
1473 885 1780 937 universale
1820 883 1886 936 sit
1929 882 2036 937 sive

199 971 491 1039 sinyulare,
551 967 689 1038 quod
746 972 825 1019 est
880 964 934 1017 in
995 964 1166 1034 aliquo
1224 967 1399 1019 decem
1446 968 1997 1036 praedicamentorum
2018 987 2034 1018 .-

199 1052 270 1104 sic
309 1053 492 1122 yloria
538 1052 647 1104 Dei
685 1056 764 1102 est
805 1048 920 1100 finis
974 1047 1198 1100 omnium
1249 1051 1538 1118 officiorum
1584 1067 1700 1118 quae
1756 1048 1811 1101 in
1863 1048 2035 1119 aliquo

200 1136 463 1204 Decaloyi
488 1144 758 1204 praecepto
788 1148 1029 1201 expresse
1058 1137 1148 1183 aut
1176 1130 1468 1184 virtualiter
1498 1132 1843 1195 continentur,
1875 1132 2035 1184 omni-

199 1235 388 1287 umque
416 1224 622 1270 actuum
652 1234 712 1268 eo
741 1212 1125 1285 pertinentium.
1198 1213 1454 1267 Colendus
1485 1222 1562 1267 est
1587 1217 1754 1277 Deus,
1777 1225 2035 1284 parentes

200 1299 503 1362 honorandi,
554 1297 800 1371 diligendi
837 1298 1094 1367 proximi,
1130 1298 1270 1365 fides
1309 1297 1581 1360 servanda,
1607 1298 1851 1365 justitia,
1882 1316 2035 1350 vera-

201 1385 356 1445 citas,
386 1384 616 1435 castitas
650 1380 877 1443 colenda,
916 1387 1189 1448 ceteraque
1217 1382 1453 1449 pietatis
1481 1391 1531 1433 et
1559 1382 1818 1433 caritatis
1861 1379 2037 1432 munia

199 1465 511 1535 praestanda,
542 1464 596 1516 in
624 1464 872 1516 honorem
902 1469 955 1515 et
980 1463 1218 1531 yloriam
1247 1464 1371 1515 Dei.
1463 1463 1706 1514 Ceterum
1740 1461 1871 1514 sicut
1906 1461 2037 1513 nihil

198 1547 357 1600 habet
404 1564 530 1600 vere
571 1545 826 1598 rationem
879 1546 1065 1607 Emis,
1123 1543 1261 1613 quod
1306 1562 1410 1595 non
1463 1551 1585 1614 apte
1638 1543 1920 1596 reducatur
1966 1544 2037 1596 ad

197 1628 421 1699 aliquam
464 1630 690 1697 speciem
726 1629 896 1680 Emis
937 1626 991 1678 in
1036 1624 1210 1694 aliqua
1255 1628 1431 1679 decem
1470 1625 1707 1679 classium
1753 1628 2038 1679 Praedica-

199 1713 552 1765 mentalium:
602 1710 673 1763 sic
725 1709 866 1762 nulla
917 1707 1240 1779 particularis
1292 1711 1452 1772 actio,
1514 1709 1755 1780 quicquid
1804 1710 2038 1762 homines

197 1794 381 1847 intenti
419 1793 473 1846 in
514 1811 625 1846 rem
655 1811 799 1845 suam
825 1790 1188 1854 vociferentur,
1226 1809 1349 1844 vere
1380 1799 1433 1845 et
1467 1792 1677 1863 proprie
1706 1792 1774 1846 ad
1797 1795 2037 1862 yloriam

197 1879 307 1930 Dei
328 1884 573 1947 tanquam
593 1875 747 1928 finem
771 1874 1020 1937 refertum
1049 1892 1165 1944 quae
1193 1892 1296 1927 non
1325 1874 1391 1928 sit
1416 1875 1710 1928 reducibilis
1739 1876 1807 1928 ad
1828 1875 2038 1945 aliquod

197 1962 423 2029 officium
470 1958 677 2029 pietatis
721 1965 774 2011 et
815 1957 1060 2019 caritatiS,
1108 1957 1161 2009 in
1210 1957 1381 2027 aliquo
1428 1961 1604 2011 decem
1640 1969 2037 2028 praeceptorum

163 2062 167 2066 ·
195 2042 325 2114 legis
354 2041 543 2095 divinae
571 2040 856 2094 fundatum.
912 2039 1071 2093 Ludit
1100 2058 1243 2111 ergO,
1289 2040 1518 2109 quisquis
1543 2042 1781 2110 ‚qim-iam
1810 2043 1921 2095 Dei
1949 2041 2037 2093 ob-

196 2132 430 2195 strepere
452 2131 654 2195 crepat3
682 2142 777 2176 nec
795 2130 968 2175 tamen
991 2122 1162 2174 dicere
1186 2122 1340 2183 valet,
1363 2141 1478 2192 quae
1496 2142 1551 2175 se
1568 2123 1740 2177 facere
1762 2124 2038 2195 profitetur

196 2214 411 2277 propter
437 2209 674 2276 yloriam
701 2208 827 2268 Dei,
855 2223 955 2274 quo
987 2206 1118 2273 Zeyis
1145 2206 1347 2257 divinoe
1375 2213 1634 2277 praecepto
1665 2225 1727 2260 ea
1748 2214 1972 2261 tueatur.

325 2291 501 2343 XVII.
590 2290 674 2340 Ex
717 2287 967 2358 praedicta
1009 2288 1354 2341 Conclusione
1396 2288 1629 2359 sequitur
1670 2292 1915 2353 secundO,
1957 2309 2038 2343 er-

198 2389 318 2424 rare
353 2390 441 2424 eos
472 2371 805 2424 vehementer
831 2369 918 2440 qui
958 2369 1055 2422 sibi
1087 2370 1242 2422 licere
1271 2378 1473 2441 putant,
1506 2384 1793 2442 peccatum
1829 2373 2038 2443 aliquod

199 2456 377 2508 minus
417 2454 605 2517 facere,
647 2460 707 2506 ut
757 2452 949 2506 vitetur
990 2452 1131 2505 aliud
1162 2464 1449 2522 peccatum
1494 2456 1686 2523 majus.
1778 2457 1841 2508 In
1884 2474 2040 2526 quam

199 2544 401 2607 partem
429 2536 592 2590 multa
619 2535 795 2589 afferri
820 2535 999 2589 solent.
1087 2535 1345 2606 Imprimis
1373 2537 1739 2609 pervulgatum
1777 2537 1904 2591 illud
1933 2557 2040 2591 om-

198 2618 338 2671 nium
367 2619 421 2672 in
450 2637 555 2681 ore,
592 2621 683 2671 XE
709 2620 873 2671 malis
901 2619 1183 2670 minimum
1214 2620 1513 2688 eliyendum
1530 2640 1550 2681 ;
1581 2620 1722 2690 cujus
1753 2620 1878 2673 dicti
1905 2621 2040 2673 hanc

199 2701 354 2754 etiam
393 2702 617 2756 afferunt
656 2720 721 2754 ex
763 2701 1050 2754 Aristotele
1095 2700 1363 2764 rationem,
1411 2702 1551 2771 quod
1594 2703 1784 2756 scilicet
1829 2705 2041 2756 yminus

199 2786 419 2848 malum,
450 2784 493 2837 si
523 2803 635 2838 cum
658 2783 854 2854 majore
888 2791 1229 2854 comparetur,
1261 2785 1420 2837 habet
1441 2785 1693 2838 rationem
1727 2788 1865 2839 boni.
1930 2787 2038 2839 Ad-

200 2866 330 2919 dunt
372 2874 425 2920 et
460 2885 525 2920 ex
567 2869 865 2937 ²Gre90ri0
908 2867 1120 2938 MagnO,
1167 2869 1319 2919 Dum
1361 2887 1506 2921 mens
1548 2870 1691 2921 inter
1732 2871 1949 2921 minora
1992 2880 2042 2921 et

199 2951 442 3002 maxima
465 2961 699 3019 peccata
728 2951 1131 3019 constrinyitur,
1162 2952 1213 3002 si
1231 2952 1414 3003 nullus
1442 2954 1654 3004 omnino
1684 2954 1797 3004 sine
1816 2962 2042 3020 peccato

200 3034 462 3086 evadendi
500 3035 687 3087 aditus
705 3042 918 3103 pateat,
962 3034 1179 3085 minora
1206 3052 1409 3103 semper
1435 3035 1725 3103 eliyantur.
1813 3034 1866 3087 N
1868 3051 1926 3086 ec
1954 3033 2041 3088 de-

247 3213 268 3232 ¹
292 3207 350 3245 τά
372 3208 583 3257 ἐλάχιστα
604 3210 795 3255 ληπτέον
821 3214 906 3249 ’τῶν
928 3214 1075 3250 κακῶν.
1163 3227 1239 3250 τον
1266 3213 1392 3250 κακὸν
1418 3212 1525 3259 πρὸς
1550 3212 1603 3249 τὸ
1624 3210 1766 3261 μεῖζον
1797 3209 1938 3248 κακόν.
1982 3210 2043 3248 Id.

200 3268 372 3306 Aristot.
390 3270 485 3305 Eth.
505 3270 593 3307 Nic.
612 3282 661 3308 11.
675 3273 712 3310 9.
1163 3275 1258 3311 Eth.
1278 3275 1366 3311 Nic.
1386 3287 1422 3311 v.
1442 3276 1480 3312 7.

251 3337 268 3364 1
294 3331 336 3368 ἐν
358 3330 515 3379 ἀγαθοῦ
533 3331 651 3380 λόγῳ
672 3333 841 3380 γίνεται
866 3333 919 3371 τὸ
946 3335 1075 3372 ἔλατ·
1211 3344 1227 3362 z
1241 3336 1453 3384 [Moral.in
1463 3334 2046 3384 Libr.10bi‚Lib.xxxii.335]

296 3433 367 3476 17.
434 3431 617 3475 Second
635 3431 897 3490 Corollary:
931 3434 976 3476 It
1001 3433 1039 3477 is
1063 3437 1147 3477 not
1166 3433 1322 3477 lawful
1344 3438 1394 3478 to
1421 3434 1612 3477 commit
1637 3447 1666 3477 a
1690 3433 1878 3478 smaller
1901 3434 1973 3478 sin
1997 3434 2048 3477 in

206 3501 344 3546 order
367 3506 417 3546 to
444 3503 579 3546 avoid
604 3518 632 3546 a
656 3507 843 3560 greater
866 3504 952 3548 sin.

296 3572 577 3631 Arguments
597 3575 711 3618 used
732 3589 835 3618 are:
870 3575 971 3619 The
995 3575 1183 3628 maxim,
1204 3575 1308 3619 that
1328 3576 1382 3620 of
1403 3577 1516 3620 evils
1533 3590 1601 3621 we
1623 3580 1746 3621 must
1766 3576 1935 3621 choose
1961 3577 2043 3621 the

205 3644 348 3696 least3
378 3646 490 3689 with
515 3646 596 3690 the
622 3646 860 3704 authority
886 3647 939 3690 of
959 3646 1183 3691 Aristotle
1205 3648 1298 3690 and
1326 3648 1379 3692 of
1409 3649 1620 3706 Gregory
1641 3649 1722 3692 the
1750 3649 1925 3701 Great3
1961 3649 2044 3693 the

207 3717 417 3773 example
438 3717 492 3760 of
507 3718 612 3770 Lot,
638 3717 740 3762 who
763 3718 938 3762 offered
957 3718 1029 3762 his
1051 3718 1316 3776 daughters,
1328 3724 1378 3764 to
1399 3725 1594 3777 prevent
1615 3734 1760 3764 worse
1777 3721 1918 3764 crime
1926 3736 1938 3773 3
1958 3721 2040 3764 διο.

297 3786 499 3841 Answer,
521 3790 658 3841 First,
680 3789 780 3834 The
802 3791 973 3834 maxim
994 3790 1171 3848 applies
1191 3796 1241 3835 to
1262 3792 1373 3837 evils
1400 3792 1454 3835 of
1474 3792 1709 3850 suffering,
1729 3796 1813 3837 not
1845 3797 1894 3836 to
1931 3792 2049 3837 evils
