2482 4166
996 265 1410 311 sUMMARIUM.
1462 317 1478 323 N
2068 274 2137 310 xv

405 395 463 436 14
481 405 580 448 sqq.
644 390 897 435 Cormmssm
919 390 1122 434 TERTIA.

823 461 1053 516 Scriptura
1070 474 1164 503 non
1183 463 1251 504 est
1268 458 1502 515 adaequata
1523 457 1817 502 Conscientiae
1839 457 2030 514 Regula.

404 535 461 575 18
483 547 551 589 sq.
825 528 981 588 (Nihil
999 530 1108 574 hinc
1129 530 1385 574 detractum
1409 528 1653 585 Scripturae
1674 527 1980 586 perfectioni.)

404 605 462 645 20
482 616 580 658 sqq.
915 601 1137 657 QUARTA.

824 670 1079 727 Adaequata
1107 671 1401 715 Conscientiae
1430 670 1627 727 Regula,
1648 670 1860 716 voluntas
1880 670 1969 715 Dei
1991 671 2136 728 quali-

921 748 1174 799 tercunque
1199 743 1437 799 patefacta.

403 817 463 860 23
920 828 1020 869 quae
1040 813 1197 856 eadem
1217 813 1570 857 fundamentum
1591 815 1661 857 est
1680 812 1994 869 Obligationis.

402 887 461 928 24
480 898 548 940 sq.
645 881 805 938 Hujus
822 880 1007 937 Regulae
1028 883 1180 935 partes
1198 883 1289 922 tres
1308 894 1321 924 ε

746 952 778 995 i.
836 951 1016 995 Lumen
1030 951 1174 994 menti
1194 951 1436 1004 innatum3
1472 949 1573 994 Lex
1594 950 1800 995 Naturae.

402 1025 462 1067 26
750 1022 798 1066 ii.
833 1021 1014 1065 Lumen
1033 1021 1178 1065 menti
1197 1021 1405 1076 illatum3
1436 1021 1642 1066 Verbum
1663 1022 1752 1066 Dei
1774 1022 2021 1079 Scriptum,

402 1094 460 1142 27
479 1108 577 1151 sqq.
917 1092 966 1134 in
986 1091 1106 1148 Lege
1121 1093 1277 1145 veteri,
1299 1092 1392 1135 sive
1415 1092 1626 1145 Mosaica,

403 1166 460 1208 32
482 1179 578 1220 sqq.
884 1092 965 1218 {in
986 1162 1104 1218 Lege
1125 1177 1254 1213 nova,
1273 1163 1366 1206 sive
1387 1163 1673 1220 Evangelica.

401 1240 458 1282 35
750 1237 815 1281 iii.
834 1236 1015 1280 Lumen
1033 1237 1308 1292 acquisitum
1326 1252 1336 1278 :
1366 1237 1489 1292 quod

401 1310 460 1351 36
909 1306 1115 1349 discursu
1136 1306 1341 1350 Rationis
1362 1309 1550 1360 constat,

402 1379 460 1426 37
905 1380 953 1421 et
971 1375 1256 1421 Auctoritate
1279 1377 1502 1421 Ecclesiae.

480 1787 666 1852 QUIN
669 1786 786 1840 TAE
837 1786 1404 1841 PRAELECTIONIS
1463 1784 1940 1840 SUMMARIUM.

433 1937 457 1978 1
481 1949 544 1991 sq.
640 1934 763 1979 Ante
783 1934 1010 1978 dictorum
1030 1932 1243 1977 recensio.

432 2008 461 2049 3
481 2022 545 2063 sq.
640 2008 771 2062 Legi-s·
790 2006 987 2059 nomine,
1009 2004 1118 2062 quid
1138 2003 1292 2047 veniat
1312 2003 1691 2059 intelligendum;

434 2079 462 2120 5
1008 2076 1070 2119 Et
1091 2074 1202 2131 quid
1227 2077 1523 2130 Obligationis.

433 2150 462 2190 6
640 2146 869 2200 Quaesti03
897 2147 1151 2202 obligentne
1169 2146 1311 2201 Leges
1330 2145 1540 2188 humanae
1563 2142 1909 2188 Conscientiam.

429 2216 457 2265 7
477 2232 541 2274 sq.
639 2218 892 2261 CONcrmsio
913 2218 1090 2260 PRIMA.

831 2288 973 2344 Leges
1001 2288 1180 2344 injustae
1209 2301 1301 2331 non
1330 2286 1532 2344 obligant
1555 2285 1902 2330 Conscientiam.

827 2357 897 2401 Ea
916 2357 1182 2413 explicatur.

436 2430 465 2471 9
826 2427 889 2470 Et
908 2427 1213 2472 confirmatur.

407 2500 464 2541 10
645 2497 898 2542 CONcLUSIo
919 2497 1152 2542 SECUNDA.

834 2568 936 2611 Lex
953 2567 1156 2612 humana
1170 2567 1321 2624 ‘potest
1339 2567 1481 2623 priori
1500 2566 1765 2624 obligationi
1785 2567 2136 2623 superinducere

924 2653 1091 2682 novam
1110 2638 1443 2695 obligationem.

406 2710 460 2750 11
483 2721 581 2764 sqq.
645 2708 901 2752 CONchsm
921 2708 1128 2752 TERTIA.

822 2778 925 2823 Lex
943 2793 972 2822 a
989 2793 1082 2822 non
1109 2778 1301 2823 habente
1333 2777 1608 2835 Legitimam
1637 2781 1909 2835 potestatem
1934 2778 2027 2824 lata
2044 2793 2137 2823 non

931 2850 1114 2906 obligat.

406 2922 464 2963 14
482 2934 579 2976 sqq.
823 2920 958 2975 Quod
978 2921 1037 2964 sit
1055 2918 1226 2963 subditi
1252 2919 1468 2972 officium,
1489 2920 1572 2963 ubi
1597 2920 1652 2963 de
1680 2920 1813 2976 facto,
1833 2921 1914 2978 qui
1939 2920 2018 2977 jus
2043 2934 2137 2965 non

929 2990 1067 3034 habet
1095 2990 1305 3046 imperat,
1332 2989 1433 3034 fuse
1463 2989 1745 3047 disquiritur.

407 3062 465 3103 22
641 3060 894 3105 CONcnusm
913 3061 1136 3117 QUARTA.

833 3132 977 3189 Leges
1006 3131 1217 3175 humanae
1244 3145 1327 3186 per
1355 3145 1402 3174 se
1433 3131 1638 3187 obligant
1668 3131 1718 3174 in
1745 3132 1960 3187 generali.

407 3202 465 3244 23
835 3202 894 3245 In
921 3201 1186 3257 particulari
1214 3201 1368 3254 etiam,
1400 3215 1461 3244 ex
1490 3202 1811 3257 consequenti:

407 3271 467 3313 24
486 3284 581 3325 sqq.
827 3271 950 3327 quod
969 3271 1093 3314 varie
1123 3270 1435 3314 confirmatur.

407 3341 462 3383 31
486 3353 583 3395 sqq.
646 3340 903 3396 Objectioni
923 3340 1189 3392 occurritur,
1210 3354 1323 3395 quae,
1343 3354 1371 3383 a
1391 3339 1644 3383 Christiani
1662 3340 1860 3384 hominis
1878 3340 2115 3395 libertate3

407 3409 466 3452 36
679 3440 901 3453 ............
933 3409 1136 3466 itemque
1168 3410 1225 3464 ei,
1266 3424 1367 3465 quae
1406 3410 1463 3453 ab
1496 3424 1590 3454 uno
1632 3409 1910 3466 Legislatore
1950 3411 2049 3456 Deo
2090 3416 2136 3456 et

757 3479 939 3523 Christo
969 3479 1107 3522 ducta
1136 3483 1230 3523 est:

409 3549 466 3597 37
679 3580 900 3593 ............
927 3552 981 3592 ut
1001 3552 1047 3591 et
1073 3547 1274 3604 reliquis,
1297 3562 1395 3604 quae
1426 3553 1581 3594 contra
1609 3549 1726 3595 hanc
1755 3552 2027 3598 sententiam
2048 3552 2136 3597 dis-

756 3622 993 3676 putantur.
