2482 4166
382 273 487 324 140
638 281 725 325 DE
765 280 994 326 LEGUM
1033 279 1457 326 HUMANARUM
1498 280 1948 327 OBLIGATIONE.

380 410 593 464 collecta
619 410 880 464 hominum
910 410 1266 464 seditiosorum
1295 430 1475 465 manus
1503 412 1557 465 in
1589 413 1759 484 aliquo
1788 415 2002 483 Anylioe
2038 415 2209 469 Comi-

383 505 519 556 tatu,
544 494 703 563 (quod
727 494 781 545 in
798 512 925 564 agro
956 495 1337 563 Noosfolciensi‚
1366 495 1610 548 Edvardo
1646 503 1792 548 sexto
1828 502 2084 567 regnante
2113 495 2208 548 sub

379 578 542 629 Ketto
573 577 716 637 duce,
747 575 969 645 alibique
997 575 1123 628 alias
1150 576 1410 629 multoties
1443 576 1635 630 factum
1664 580 1763 646 est)
1800 578 1977 629 incolis
2015 583 2209 630 certam

380 657 608 728 pecuniae
653 675 916 719 summam,
968 664 1059 710 aut
1105 676 1377 727 operarum
1427 658 1729 711 servitutem
1775 658 1870 712 sibi
1926 658 2209 711 indebitam

379 739 651 810 publicatis
688 739 866 792 edictis
903 739 1199 809 imperaret,
1244 757 1433 808 eosque
1466 742 1524 792 vi
1563 751 1612 792 et
1650 743 1823 793 armis
1858 741 1926 793 ad
1954 740 2209 809 imperata

380 821 614 874 facienda
643 828 916 892 cogerent3
952 828 1071 873 utut
1099 820 1172 873 eis
1200 821 1335 873 forte
1352 821 1530 873 liceret
1560 821 1744 891 (posito
1764 822 1903 891 quod
1923 821 2207 874 resistendo

380 920 534 973 pares
579 922 683 955 non
729 904 919 970 essent)
970 904 1244 972 imperata
1271 905 1467 971 facere
1483 923 1504 964 ;
1548 903 1796 973 ejusmodi
1841 910 2014 957 tamen
2047 904 2209 971 jussa

381 984 637 1037 neminem
669 991 809 1037 certe
851 985 918 1036 ad
958 1003 1021 1037 ea
1063 985 1387 1037 observanda
1429 987 1729 1054 obliyarent
1766 988 1826 1038 in
1864 988 2205 1039 conscientia.

379 1067 515 1118 Tum
544 1066 663 1135 quia
693 1065 940 1136 ejusmodi
962 1068 1146 1135 Le9e3,
1169 1065 1374 1117 nomine
1402 1073 1552 1119 tenus
1581 1068 1851 1129 duntaxat,
1872 1074 1925 1119 et
1947 1070 2210 1137 aequivoce

380 1150 550 1217 Leyes
589 1155 722 1209 sunt,
762 1165 822 1198 re
865 1154 1040 1199 autem
1077 1141 1227 1199 fvera
1275 1149 1551 1201 Violentioe
1593 1152 1771 1218 mayis
1816 1168 1980 1219 quam
2008 1150 2209 1218 Leyes:

380 1231 452 1282 Et
503 1248 673 1283 causa
716 1231 990 1299 aequivoca
1027 1247 1131 1280 non
1171 1228 1330 1281 infert
1372 1230 1644 1292 effectum3
1703 1230 1833 1283 siout
1875 1248 1977 1282 non
2014 1230 2211 1301 obligat

381 1319 556 1382 partes
584 1312 690 1364 lata
717 1329 750 1364 a
778 1313 1100 1364 non-Judice
1128 1310 1395 1363 sententia.
1485 1312 1617 1363 Tum
1644 1311 1765 1381 quia
1804 1315 1888 1366 vis
1930 1314 2212 1381 obliyandi

383 1396 462 1462 (ut
504 1394 659 1447 etiam
701 1394 852 1445 modo
896 1393 1122 1446 gdictum
1165 1396 1264 1460 est)
1307 1411 1410 1445 non
1445 1400 1685 1446 causatur
1727 1396 1958 1463 effective
1999 1395 2065 1446 ab
2099 1394 2212 1464 ipsa

382 1478 539 1544 Leqe,
571 1476 661 1527 sed
690 1494 723 1527 a
757 1475 1028 1545 conjuncta
1071 1493 1184 1527 cum
1218 1486 1484 1544 potestate
1526 1478 1888 1545 Leyislatoris
1929 1476 2208 1529 voluntate.

382 1558 527 1628 Ergo
571 1557 659 1609 ubi
706 1557 876 1609 deficit
923 1560 1185 1619 Potestas,
1234 1557 1405 1610 deficit
1448 1564 1501 1610 et
1538 1577 1708 1617 causa
1744 1558 1954 1629 proprie
1991 1561 2212 1628 efficiens

382 1638 529 1692 istius
559 1638 911 1711 obligationis:
956 1645 1009 1691 et
1038 1657 1208 1692 causa
1227 1641 1467 1708 propria
1500 1640 1783 1703 deficiente,
1818 1643 2056 1709 effectum
2102 1641 2212 1711 ejus

384 1720 603 1774 deficere
645 1739 851 1773 necesse
888 1727 980 1773 est.
1073 1721 1225 1783 Quod
1255 1720 1423 1791 ipsum
1461 1740 1527 1774 ex
1565 1722 1660 1774 hoc
1684 1721 1795 1792 ipso
1825 1724 2073 1791 Apostoli
2101 1722 2211 1775 loco

384 1802 626 1874 colligere
654 1803 788 1866 licet,
810 1803 897 1872 qui
918 1802 1270 1855 necessitatem
1300 1806 1397 1869 τῆς
1427 1801 1731 1877 ὑποταγῆς,
1763 1804 1992 1857 debitum
2021 1803 2213 1858 scilicet

382 1887 692 1938 obedientiae
722 1903 786 1937 ex
815 1891 965 1954 parte
990 1887 1212 1947 subditi,
1243 1885 1451 1939 deducit
1471 1883 1584 1941 ἀπὸ
1614 1889 1715 1951 τῆς
1739 1883 2003 1959 ἐξουσίας,
2035 1904 2067 1938 a
2115 1890 2212 1939 Po-

384 1977 570 2020 testate
608 1969 1024 2020 Jarisdictionis
1064 1967 1118 2019 in
1148 1969 1384 2037 praelato
1411 1989 1428 2020 .-
1472 1969 1610 2021 unde
1653 1969 1867 2022 efficitur
1908 1987 2012 2021 non
2045 1969 2212 2022 teneri

382 2067 673 2119 quenquam
699 2049 766 2101 ad
786 2052 1096 2119 parendum
1125 2050 1187 2111 ei,
1219 2049 1307 2119 qui
1336 2068 1439 2102 non
1469 2051 1629 2104 habet
1644 2052 1741 2120 jus
1769 2053 2097 2120 imperandi.

508 2133 636 2185 XII.
711 2131 766 2185 Si
795 2132 947 2193 dicaS,
980 2131 1246 2184 colluviem
1276 2131 1524 2202 ejusmodi
1552 2134 1754 2203 qualem
1775 2132 1886 2203 jam
1917 2133 2025 2185 dixi
2052 2133 2214 2186 homi-

382 2232 506 2267 num
534 2213 864 2266 factiosorum
892 2214 1088 2266 habere
1124 2216 1437 2283 impe-randi
1464 2225 1802 2286 potestatem,
1842 2215 1963 2285 quia
2002 2223 2215 2285 possunt

383 2314 471 2348 eos
496 2296 550 2348 in
577 2315 703 2366 quos
732 2296 1003 2367 imperium
1032 2303 1276 2349 exercent
1304 2297 1373 2350 ad
1395 2297 1685 2351 faciendum
1707 2300 1982 2368 imperata
1999 2317 2179 2367 eoyere
2196 2318 2213 2351 :

382 2378 707 2448 RespondeO,
760 2382 1092 2433 Potestatem
1142 2379 1207 2431 de
1254 2397 1356 2449 qua
1399 2380 1671 2450 loquimur,
1716 2387 1770 2433 et
1811 2398 1844 2432 a
1882 2398 1985 2449 qua
2022 2380 2215 2449 pendet

390 2462 676 2529 Obliyatio,
729 2479 833 2514 non
875 2479 986 2513 esse
1018 2471 1339 2531 potestatem
1388 2461 1529 2514 illam
1579 2480 1733 2532 quam
1786 2461 1958 2516 Graeci
2002 2455 2215 2529 δύναμιν

382 2550 582 2605 vocant,
610 2543 707 2594 hoc
746 2550 839 2606 est,
869 2553 1195 2611 potestatem,
1228 2545 1340 2611 (seu
1373 2547 1677 2613 potentiam
1718 2544 1904 2614 potiUS,
1947 2562 2051 2614 qua
2089 2563 2216 2597 voce

381 2623 624 2675 libentius
669 2623 724 2675 in
763 2642 825 2676 ea
865 2624 1073 2676 notione
1114 2624 1348 2694 'plerique
1391 2629 1630 2694 utuntur)
1663 2628 1972 2695 physicam,
2010 2625 2119 2678 sive
2151 2628 2216 2679 de

368 2706 546 2774 facto,
574 2722 670 2774 per
694 2722 848 2774 quam
887 2705 1000 2774 quis
1032 2716 1221 2774 potens
1259 2713 1338 2758 est
1375 2706 1430 2758 id
1467 2708 1606 2776 quod
1641 2708 1863 2760 intendit
1902 2707 1976 2760 ita
2012 2708 2216 2762 effectui

435 2884 450 2912 f
470 2883 617 2932 Aquin.
634 2883 740 2921 Sum.
760 2883 902 2922 Theol.
916 2886 988 2922 lma
1003 2883 1086 2931 2dae,
1102 2886 1253 2930 Quaest.
1291 2887 1296 2993 Ι
1386 2893 1406 2921 g
1437 2887 1574 2935 [supra
1592 2888 1696 2926 Sect.
1714 2888 1772 2936 5.]

383 2946 446 2992 96,
464 2947 555 2983 Art.
574 2947 610 2982 4.
629 2946 805 2983 conclus.

382 3058 452 3113 (as
478 3059 527 3102 in
549 3058 700 3104 Kett’s
725 3060 1069 3115 insurrection‚)
1090 3062 1292 3106 demand
1326 3077 1497 3122 money
1532 3064 1624 3108 and
1649 3064 1817 3108 labour
1841 3064 1896 3109 of
1914 3064 1996 3110 the
2026 3067 2214 3114 citizens

382 3131 445 3188 by
465 3131 593 3174 force
613 3131 706 3174 and
727 3145 848 3176 arms
865 3148 876 3184 3
908 3132 1088 3190 though
1107 3148 1215 3177 men
1236 3149 1343 3192 may
1363 3135 1483 3193 obey
1497 3136 1695 3180 because
1719 3136 1831 3195 they
1851 3150 1931 3180 are
1951 3143 2034 3182 not
2055 3144 2215 3198 strong

383 3202 569 3259 enough
589 3207 639 3246 to
665 3204 814 3255 resist,
835 3204 950 3247 such
975 3206 1244 3249 commands
1265 3220 1346 3249 are
1370 3211 1455 3250 not
1475 3207 1669 3264 binding
1689 3208 1739 3250 in
1759 3207 2054 3253 Conscience.

472 3274 567 3316 For
588 3274 700 3317 such
721 3274 829 3319 Iaws
851 3289 931 3319 are
956 3281 1040 3319 not
1064 3277 1190 3334 truly
1209 3278 1356 3329 Laws,
1376 3278 1463 3322 but
1487 3278 1648 3322 rather
1667 3283 1765 3323 acts
1786 3279 1841 3323 of
1857 3280 2077 3325 violence.

473 3344 580 3387 And
604 3345 685 3388 the
707 3346 916 3390 effective
937 3349 1102 3391 Power
1123 3348 1177 3391 of
1200 3349 1418 3406 Obliging
1449 3350 1487 3393 is
1513 3354 1598 3393 not
1618 3350 1667 3392 in
1691 3350 1773 3394 the
1798 3351 1910 3393 Law
1940 3351 2026 3395 but
2049 3352 2098 3395 in
2132 3352 2215 3397 the

382 3414 634 3472 Lawgiver,
659 3417 752 3459 and
785 3417 890 3461 fails
916 3418 1051 3462 when
1070 3419 1130 3463 he
1154 3420 1238 3463 has
1263 3434 1325 3463 no
1354 3420 1606 3479 authority.
1669 3420 1776 3464 And
1801 3435 1851 3465 so
1883 3423 2020 3466 Rom.
2050 3423 2141 3465 xiii.
2172 3429 2214 3476 5,

382 3484 463 3528 the
484 3486 675 3543 Apostle
696 3502 798 3546 says
818 3502 887 3533 we
912 3494 1035 3534 must
1053 3490 1113 3535 be
1133 3493 1291 3550 subject
1311 3496 1360 3536 to
1379 3492 1461 3536 the
1481 3493 1664 3537 Powers
1689 3494 1784 3535 that
1808 3494 1867 3544 be,
1886 3496 1935 3536 to
1956 3492 2089 3537 those
2110 3493 2213 3536 who

384 3552 500 3599 have
525 3557 789 3615 Authority.

475 3632 543 3670 12.
612 3629 832 3686 Objection
857 3635 897 3673 1.
962 3632 1070 3675 You
1094 3646 1202 3689 may
1226 3646 1308 3690 say
1332 3633 1437 3677 that
1457 3648 1485 3676 a
1509 3633 1618 3678 mob
1643 3633 1738 3677 like
1762 3632 1857 3677 this
1877 3633 1960 3678 has
1985 3635 2164 3679 Power.

477 3696 545 3739 To
571 3698 663 3742 this
684 3714 751 3743 we
776 3714 964 3753 answer,
990 3702 1123 3760 They
1146 3703 1263 3747 have
1282 3703 1490 3762 Strenyth
1510 3699 1742 3761 (δύναμις),
1761 3704 1847 3749 but
1871 3709 1956 3750 not
1971 3704 2215 3764 Authority

387 3761 618 3820 (ἐξουσία,)
644 3783 770 3825 upon
794 3771 944 3814 which
973 3773 1243 3830 Obligation
1265 3774 1487 3832 depends.
