<?xml version="1.0" encoding="UTF-8"?>
<!DOCTYPE html PUBLIC "-//W3C//DTD XHTML 1.0 Transitional//EN"
    "http://www.w3.org/TR/xhtml1/DTD/xhtml1-transitional.dtd">
<html xmlns="http://www.w3.org/1999/xhtml" xml:lang="en" lang="en">
 <head>
  <title>
</title>
<meta http-equiv="Content-Type" content="text/html;charset=utf-8" />
  <meta name='ocr-system' content='tesseract 3.04.00' />
  <meta name='ocr-capabilities' content='ocr_page ocr_carea ocr_par ocr_line ocrx_word'/>
</head>
<body>
  <div class='ocr_page' id='page_1' title='image "./deobligationecon00sanduoft_0070.png"; bbox 0 0 2482 4166; ppageno 0'>
   <div class='ocr_carea' id='block_1_1' title="bbox 453 287 1747 340">
    <p class='ocr_par' dir='ltr' id='par_1_1' title="bbox 453 287 1747 340">
     <span class='ocr_line' id='line_1_1' title="bbox 453 287 1747 340; baseline 0.002 -3"><span class='ocrx_word' id='word_1_1' title='bbox 453 287 523 337; x_wconf 80' lang='lat'><em>46</em></span> <span class='ocrx_word' id='word_1_2' title='bbox 989 294 1073 337; x_wconf 88' lang='lat' dir='ltr'><em>DE</em></span> <span class='ocrx_word' id='word_1_3' title='bbox 1110 292 1290 339; x_wconf 90' lang='lat' dir='ltr'>BONA</span> <span class='ocrx_word' id='word_1_4' title='bbox 1329 294 1530 338; x_wconf 82' lang='lat' dir='ltr'>INTEN</span> <span class='ocrx_word' id='word_1_5' title='bbox 1535 295 1691 339; x_wconf 88' lang='lat' dir='ltr'>TION</span> <span class='ocrx_word' id='word_1_6' title='bbox 1692 296 1747 340; x_wconf 89' lang='lat' dir='ltr'><em>E.</em></span> 
     </span>
    </p>
   </div>
   <div class='ocr_carea' id='block_1_2' title="bbox 447 420 2291 2856">
    <p class='ocr_par' dir='ltr' id='par_1_2' title="bbox 447 420 2291 2856">
     <span class='ocr_line' id='line_1_2' title="bbox 454 420 2291 493; baseline 0.001 -17"><span class='ocrx_word' id='word_1_7' title='bbox 454 424 566 476; x_wconf 89' lang='lat' dir='ltr'><em>Dei</em></span> <span class='ocrx_word' id='word_1_8' title='bbox 593 422 878 475; x_wconf 82' lang='lat' dir='ltr'><em>extruendo</em></span> <span class='ocrx_word' id='word_1_9' title='bbox 904 422 1167 493; x_wconf 90' lang='lat' dir='ltr'><em>templum,</em></span> <span class='ocrx_word' id='word_1_10' title='bbox 1197 422 1280 476; x_wconf 84' lang='lat' dir='ltr'><em>vel</em></span> <span class='ocrx_word' id='word_1_11' title='bbox 1302 420 1575 476; x_wconf 85' lang='lat' dir='ltr'><em>occidendo</em></span> <span class='ocrx_word' id='word_1_12' title='bbox 1598 422 1953 486; x_wconf 82' lang='lat' dir='ltr'><em>idololatram3</em></span> <span class='ocrx_word' id='word_1_13' title='bbox 1999 431 2091 478; x_wconf 88' lang='lat' dir='ltr'><em>aut</em></span> <span class='ocrx_word' id='word_1_14' title='bbox 2117 421 2291 478; x_wconf 77' lang='lat' dir='ltr'><em>inten-·</em></span> 
     </span>
     <span class='ocr_line' id='line_1_3' title="bbox 456 506 2283 574; baseline 0.001 -16"><span class='ocrx_word' id='word_1_15' title='bbox 456 506 581 558; x_wconf 89' lang='lat' dir='ltr'><em>dere</em></span> <span class='ocrx_word' id='word_1_16' title='bbox 623 507 918 558; x_wconf 77' lang='lat' dir='ltr'><em>utilitatem</em></span> <span class='ocrx_word' id='word_1_17' title='bbox 950 507 1244 574; x_wconf 75' lang='lat' dir='ltr'><em>propriam</em></span> <span class='ocrx_word' id='word_1_18' title='bbox 1287 506 1631 574; x_wconf 89' lang='lat' dir='ltr'><em>comparando</em></span> <span class='ocrx_word' id='word_1_19' title='bbox 1679 506 1775 559; x_wconf 90' lang='lat' dir='ltr'><em>sibi</em></span> <span class='ocrx_word' id='word_1_20' title='bbox 1821 506 2026 560; x_wconf 90' lang='lat' dir='ltr'><em>divitias</em></span> <span class='ocrx_word' id='word_1_21' title='bbox 2067 507 2283 560; x_wconf 90' lang='lat' dir='ltr'><em>honesto</em></span> 
     </span>
     <span class='ocr_line' id='line_1_4' title="bbox 457 586 2285 658; baseline 0.001 -18"><span class='ocrx_word' id='word_1_22' title='bbox 457 588 652 649; x_wconf 86' lang='lat' dir='ltr'><em>labore,</em></span> <span class='ocrx_word' id='word_1_23' title='bbox 682 587 764 640; x_wconf 88' lang='lat' dir='ltr'><em>vel</em></span> <span class='ocrx_word' id='word_1_24' title='bbox 791 588 931 639; x_wconf 88' lang='lat' dir='ltr'><em>furto</em></span> <span class='ocrx_word' id='word_1_25' title='bbox 972 593 1025 638; x_wconf 90' lang='lat' dir='ltr'><em>et</em></span> <span class='ocrx_word' id='word_1_26' title='bbox 1062 586 1258 656; x_wconf 84' lang='lat' dir='ltr'>rapina.</span> <span class='ocrx_word' id='word_1_27' title='bbox 1350 587 1794 649; x_wconf 78' lang='lat' dir='ltr'>Quemadmodum</span> <span class='ocrx_word' id='word_1_28' title='bbox 1836 588 1935 640; x_wconf 89' lang='lat' dir='ltr'><em>dici</em></span> <span class='ocrx_word' id='word_1_29' title='bbox 1973 595 2145 658; x_wconf 90' lang='lat' dir='ltr'><em>potest</em></span> <span class='ocrx_word' id='word_1_30' title='bbox 2182 589 2285 641; x_wconf 89' lang='lat' dir='ltr'><em>iter</em></span> 
     </span>
     <span class='ocr_line' id='line_1_5' title="bbox 454 667 2284 741; baseline 0 -19"><span class='ocrx_word' id='word_1_31' title='bbox 454 671 727 722; x_wconf 77' lang='lat' dir='ltr'><em>intendere</em></span> <span class='ocrx_word' id='word_1_32' title='bbox 752 672 998 730; x_wconf 85' lang='lat' dir='ltr'><em>Romam,</em></span> <span class='ocrx_word' id='word_1_33' title='bbox 1030 675 1084 720; x_wconf 93' lang='lat' dir='ltr'><em>et</em></span> <span class='ocrx_word' id='word_1_34' title='bbox 1112 667 1156 719; x_wconf 90' lang='lat' dir='ltr'><em>is</em></span> <span class='ocrx_word' id='word_1_35' title='bbox 1195 667 1284 736; x_wconf 85' lang='lat' dir='ltr'><em>qui</em></span> <span class='ocrx_word' id='word_1_36' title='bbox 1310 668 1374 719; x_wconf 92' lang='lat' dir='ltr'><em>de</em></span> <span class='ocrx_word' id='word_1_37' title='bbox 1404 668 1571 720; x_wconf 90' lang='lat' dir='ltr'><em>eundo</em></span> <span class='ocrx_word' id='word_1_38' title='bbox 1594 672 1826 721; x_wconf 83' lang='lat' dir='ltr'>Romam</span> <span class='ocrx_word' id='word_1_39' title='bbox 1849 676 2052 722; x_wconf 90' lang='lat' dir='ltr'><em>tantum</em></span> <span class='ocrx_word' id='word_1_40' title='bbox 2073 669 2284 741; x_wconf 80' lang='lat' dir='ltr'><em>cogitat,</em></span> 
     </span>
     <span class='ocr_line' id='line_1_6' title="bbox 456 749 2286 821; baseline 0 -17"><span class='ocrx_word' id='word_1_41' title='bbox 456 770 551 804; x_wconf 90' lang='lat' dir='ltr'><em>nec</em></span> <span class='ocrx_word' id='word_1_42' title='bbox 581 752 703 804; x_wconf 92' lang='lat' dir='ltr'><em>dum</em></span> <span class='ocrx_word' id='word_1_43' title='bbox 731 751 912 803; x_wconf 87' lang='lat' dir='ltr'><em>statuit</em></span> <span class='ocrx_word' id='word_1_44' title='bbox 950 768 1052 820; x_wconf 89' lang='lat' dir='ltr'><em>qua</em></span> <span class='ocrx_word' id='word_1_45' title='bbox 1094 750 1180 802; x_wconf 88' lang='lat' dir='ltr'><em>via</em></span> <span class='ocrx_word' id='word_1_46' title='bbox 1212 749 1280 802; x_wconf 88' lang='lat' dir='ltr'><em>sit</em></span> <span class='ocrx_word' id='word_1_47' title='bbox 1318 768 1377 801; x_wconf 93' lang='lat' dir='ltr'><em>eo</em></span> <span class='ocrx_word' id='word_1_48' title='bbox 1417 749 1771 820; x_wconf 84' lang='lat' dir='ltr'><em>profecturus3</em></span> <span class='ocrx_word' id='word_1_49' title='bbox 1816 757 1870 803; x_wconf 90' lang='lat' dir='ltr'><em>et</em></span> <span class='ocrx_word' id='word_1_50' title='bbox 1912 750 1956 803; x_wconf 90' lang='lat' dir='ltr'><em>is</em></span> <span class='ocrx_word' id='word_1_51' title='bbox 1998 750 2154 804; x_wconf 88' lang='lat' dir='ltr'><em>etiam</em></span> <span class='ocrx_word' id='word_1_52' title='bbox 2198 751 2286 821; x_wconf 88' lang='lat' dir='ltr'><em>qui</em></span> 
     </span>
     <span class='ocr_line' id='line_1_7' title="bbox 458 830 2286 903; baseline 0 -17"><span class='ocrx_word' id='word_1_53' title='bbox 458 832 607 886; x_wconf 90' lang='lat' dir='ltr'><em>simul</em></span> <span class='ocrx_word' id='word_1_54' title='bbox 652 840 706 886; x_wconf 89' lang='lat' dir='ltr'><em>et</em></span> <span class='ocrx_word' id='word_1_55' title='bbox 746 852 847 903; x_wconf 80' lang='lat' dir='ltr'><em>quo</em></span> <span class='ocrx_word' id='word_1_56' title='bbox 895 832 990 885; x_wconf 87' lang='lat' dir='ltr'><em>sibi</em></span> <span class='ocrx_word' id='word_1_57' title='bbox 1036 832 1260 884; x_wconf 90' lang='lat' dir='ltr'><em>eundum</em></span> <span class='ocrx_word' id='word_1_58' title='bbox 1306 830 1514 902; x_wconf 75' lang='lat' dir='ltr'><em>cogitat,</em></span> <span class='ocrx_word' id='word_1_59' title='bbox 1563 838 1616 884; x_wconf 91' lang='lat' dir='ltr'><em>et</em></span> <span class='ocrx_word' id='word_1_60' title='bbox 1662 851 1786 902; x_wconf 78' lang='lat' dir='ltr'><em>qua.</em></span> <span class='ocrx_word' id='word_1_61' title='bbox 1865 833 1949 885; x_wconf 90' lang='lat' dir='ltr'><em>De</em></span> <span class='ocrx_word' id='word_1_62' title='bbox 1985 835 2286 887; x_wconf 88' lang='lat' dir='ltr'><em>Intentione</em></span> 
     </span>
     <span class='ocr_line' id='line_1_8' title="bbox 447 913 2282 986; baseline -0.001 -17"><span class='ocrx_word' id='word_1_63' title='bbox 447 919 633 986; x_wconf 78' lang='lat' dir='ltr'><em>primo</em></span> <span class='ocrx_word' id='word_1_64' title='bbox 661 918 815 968; x_wconf 83' lang='lat' dir='ltr'><em>modo</em></span> <span class='ocrx_word' id='word_1_65' title='bbox 851 925 1068 984; x_wconf 78' lang='lat' dir='ltr'><em>sumpta</em></span> <span class='ocrx_word' id='word_1_66' title='bbox 1111 932 1204 966; x_wconf 86' lang='lat' dir='ltr'><em>nos</em></span> <span class='ocrx_word' id='word_1_67' title='bbox 1248 913 1301 965; x_wconf 90' lang='lat' dir='ltr'><em>in</em></span> <span class='ocrx_word' id='word_1_68' title='bbox 1340 920 1451 966; x_wconf 81' lang='lat' dir='ltr'><em>tota</em></span> <span class='ocrx_word' id='word_1_69' title='bbox 1485 914 1582 966; x_wconf 90' lang='lat' dir='ltr'><em>hac</em></span> <span class='ocrx_word' id='word_1_70' title='bbox 1608 914 1888 983; x_wconf 71' lang='lat' dir='ltr'><em>quaestione</em></span> <span class='ocrx_word' id='word_1_71' title='bbox 1916 914 2186 985; x_wconf 89' lang='lat' dir='ltr'><em>loquimur,</em></span> <span class='ocrx_word' id='word_1_72' title='bbox 2215 933 2282 968; x_wconf 91' lang='lat' dir='ltr'><em>sc.</em></span> 
     </span>
     <span class='ocr_line' id='line_1_9' title="bbox 458 995 2285 1067; baseline 0 -18"><span class='ocrx_word' id='word_1_73' title='bbox 458 1006 517 1051; x_wconf 88' lang='grc'>111,</span> <span class='ocrx_word' id='word_1_74' title='bbox 537 1001 701 1066; x_wconf 88' lang='lat' dir='ltr'><em>finem</em></span> <span class='ocrx_word' id='word_1_75' title='bbox 731 998 893 1050; x_wconf 91' lang='lat' dir='ltr'><em>solum</em></span> <span class='ocrx_word' id='word_1_76' title='bbox 920 996 1142 1067; x_wconf 80' lang='lat' dir='ltr'><em>respicit,</em></span> <span class='ocrx_word' id='word_1_77' title='bbox 1173 1014 1276 1048; x_wconf 90' lang='lat' dir='ltr'><em>non</em></span> <span class='ocrx_word' id='word_1_78' title='bbox 1303 995 1426 1048; x_wconf 88' lang='lat' dir='ltr'><em>item</em></span> <span class='ocrx_word' id='word_1_79' title='bbox 1455 998 1637 1049; x_wconf 82' lang='lat' dir='ltr'><em>media</em></span> <span class='ocrx_word' id='word_1_80' title='bbox 1657 1017 1674 1049; x_wconf 91' lang='grc'><em>.·</em></span> <span class='ocrx_word' id='word_1_81' title='bbox 1719 1003 1771 1049; x_wconf 92' lang='grc'><em>61</em></span> <span class='ocrx_word' id='word_1_82' title='bbox 1805 996 1879 1049; x_wconf 87' lang='grc'><em>116</em></span> <span class='ocrx_word' id='word_1_83' title='bbox 1914 996 2026 1050; x_wconf 88' lang='lat' dir='ltr'><em>fere</em></span> <span class='ocrx_word' id='word_1_84' title='bbox 2066 996 2285 1050; x_wconf 80' lang='lat' dir='ltr'><em>sumitur</em></span> 
     </span>
     <span class='ocr_line' id='line_1_10' title="bbox 457 1077 2286 1147; baseline -0.001 -16"><span class='ocrx_word' id='word_1_85' title='bbox 457 1080 511 1131; x_wconf 90' lang='lat' dir='ltr'><em>in</em></span> <span class='ocrx_word' id='word_1_86' title='bbox 537 1079 789 1131; x_wconf 90' lang='lat' dir='ltr'><em>communi</em></span> <span class='ocrx_word' id='word_1_87' title='bbox 816 1097 913 1131; x_wconf 89' lang='lat' dir='ltr'><em>usu</em></span> <span class='ocrx_word' id='word_1_88' title='bbox 946 1077 1204 1147; x_wconf 85' lang='lat' dir='ltr'><em>loquendi.</em></span> <span class='ocrx_word' id='word_1_89' title='bbox 1293 1078 1391 1130; x_wconf 90' lang='lat' dir='ltr'><em>Ast</em></span> <span class='ocrx_word' id='word_1_90' title='bbox 1420 1077 1558 1130; x_wconf 88' lang='lat' dir='ltr'><em>dicta</em></span> <span class='ocrx_word' id='word_1_91' title='bbox 1592 1078 1681 1130; x_wconf 89' lang='lat' dir='ltr'><em>illa</em></span> <span class='ocrx_word' id='word_1_92' title='bbox 1707 1081 1952 1131; x_wconf 83' lang='lat' dir='ltr'><em>Patrnm</em></span> <span class='ocrx_word' id='word_1_93' title='bbox 1980 1085 2035 1131; x_wconf 88' lang='lat' dir='ltr'><em>et</em></span> <span class='ocrx_word' id='word_1_94' title='bbox 2066 1078 2286 1131; x_wconf 87' lang='lat' dir='ltr'><em>aliorum</em></span> 
     </span>
     <span class='ocr_line' id='line_1_11' title="bbox 471 1159 2286 1230; baseline -0.001 -16"><span class='ocrx_word' id='word_1_95' title='bbox 471 1163 866 1230; x_wconf 71' lang='lat' dir='ltr'><em>Theoloyorum,</em></span> <span class='ocrx_word' id='word_1_96' title='bbox 915 1178 1030 1229; x_wconf 81' lang='lat' dir='ltr'><em>quae</em></span> <span class='ocrx_word' id='word_1_97' title='bbox 1064 1159 1305 1212; x_wconf 89' lang='lat' dir='ltr'><em>videntur</em></span> <span class='ocrx_word' id='word_1_98' title='bbox 1348 1178 1414 1211; x_wconf 84' lang='lat' dir='ltr'><em>ex</em></span> <span class='ocrx_word' id='word_1_99' title='bbox 1458 1160 1566 1212; x_wconf 93' lang='lat' dir='ltr'><em>sola</em></span> <span class='ocrx_word' id='word_1_100' title='bbox 1607 1163 1895 1214; x_wconf 90' lang='lat' dir='ltr'><em>intentione</em></span> <span class='ocrx_word' id='word_1_101' title='bbox 1932 1160 2104 1214; x_wconf 81' lang='lat' dir='ltr'><em>metiri</em></span> <span class='ocrx_word' id='word_1_102' title='bbox 2140 1163 2286 1213; x_wconf 81' lang='lat' dir='ltr'><em>boni-</em></span> 
     </span>
     <span class='ocr_line' id='line_1_12' title="bbox 461 1239 2287 1302; baseline -0.001 -6"><span class='ocrx_word' id='word_1_103' title='bbox 461 1254 624 1296; x_wconf 88' lang='lat' dir='ltr'><em>tatem</em></span> <span class='ocrx_word' id='word_1_104' title='bbox 666 1253 715 1295; x_wconf 86' lang='lat' dir='ltr'><em>et</em></span> <span class='ocrx_word' id='word_1_105' title='bbox 756 1243 1032 1294; x_wconf 88' lang='lat' dir='ltr'><em>malitiam</em></span> <span class='ocrx_word' id='word_1_106' title='bbox 1076 1241 1417 1293; x_wconf 88' lang='lat' dir='ltr'><em>humanorum</em></span> <span class='ocrx_word' id='word_1_107' title='bbox 1459 1248 1681 1302; x_wconf 86' lang='lat' dir='ltr'><em>actuum,</em></span> <span class='ocrx_word' id='word_1_108' title='bbox 1740 1249 1794 1295; x_wconf 92' lang='lat' dir='ltr'><em>et</em></span> <span class='ocrx_word' id='word_1_109' title='bbox 1850 1242 1904 1294; x_wconf 89' lang='lat' dir='ltr'><em>in</em></span> <span class='ocrx_word' id='word_1_110' title='bbox 1948 1242 2048 1294; x_wconf 89' lang='lat' dir='ltr'><em>illis</em></span> <span class='ocrx_word' id='word_1_111' title='bbox 2094 1239 2287 1295; x_wconf 82' lang='lat' dir='ltr'><em>Christi</em></span> 
     </span>
     <span class='ocr_line' id='line_1_13' title="bbox 458 1322 2286 1393; baseline -0.001 -15"><span class='ocrx_word' id='word_1_112' title='bbox 458 1326 633 1378; x_wconf 86' lang='lat' dir='ltr'><em>verbis</em></span> <span class='ocrx_word' id='word_1_113' title='bbox 662 1325 727 1378; x_wconf 90' lang='lat' dir='ltr'><em>de</em></span> <span class='ocrx_word' id='word_1_114' title='bbox 753 1325 902 1377; x_wconf 85' lang='lat' dir='ltr'><em>oculo</em></span> <span class='ocrx_word' id='word_1_115' title='bbox 930 1323 1170 1393; x_wconf 76' lang='lat' dir='ltr'><em>simplici</em></span> <span class='ocrx_word' id='word_1_116' title='bbox 1198 1333 1247 1375; x_wconf 85' lang='lat' dir='ltr'><em>et</em></span> <span class='ocrx_word' id='word_1_117' title='bbox 1276 1342 1455 1391; x_wconf 80' lang='lat' dir='ltr'><em>pravo</em></span> <span class='ocrx_word' id='word_1_118' title='bbox 1495 1322 1793 1385; x_wconf 86' lang='lat' dir='ltr'><em>fundantur,</em></span> <span class='ocrx_word' id='word_1_119' title='bbox 1824 1326 2175 1377; x_wconf 85' lang='lat' dir='ltr'><em>Intentionem</em></span> <span class='ocrx_word' id='word_1_120' title='bbox 2203 1342 2286 1376; x_wconf 90' lang='lat' dir='ltr'><em>ac-</em></span> 
     </span>
     <span class='ocr_line' id='line_1_14' title="bbox 460 1406 2287 1478; baseline -0.001 -18"><span class='ocrx_word' id='word_1_121' title='bbox 460 1408 653 1478; x_wconf 88' lang='lat' dir='ltr'><em>cipiunt</em></span> <span class='ocrx_word' id='word_1_122' title='bbox 679 1407 733 1459; x_wconf 91' lang='lat' dir='ltr'><em>in</em></span> <span class='ocrx_word' id='word_1_123' title='bbox 749 1408 1047 1477; x_wconf 76' lang='lat' dir='ltr'><em>posteriore</em></span> <span class='ocrx_word' id='word_1_124' title='bbox 1074 1407 1480 1474; x_wconf 64' lang='lat' dir='ltr'><em>siqnificatione,</em></span> <span class='ocrx_word' id='word_1_125' title='bbox 1511 1412 1666 1475; x_wconf 90' lang='lat' dir='ltr'><em>prout</em></span> <span class='ocrx_word' id='word_1_126' title='bbox 1702 1424 1806 1458; x_wconf 90' lang='lat' dir='ltr'><em>una</em></span> <span class='ocrx_word' id='word_1_127' title='bbox 1834 1424 1948 1458; x_wconf 93' lang='lat' dir='ltr'><em>cum</em></span> <span class='ocrx_word' id='word_1_128' title='bbox 1969 1409 2109 1459; x_wconf 88' lang='lat' dir='ltr'><em>Fine</em></span> <span class='ocrx_word' id='word_1_129' title='bbox 2128 1406 2287 1458; x_wconf 92' lang='lat' dir='ltr'><em>inclu-</em></span> 
     </span>
     <span class='ocr_line' id='line_1_15' title="bbox 462 1487 2283 1558; baseline -0.001 -15"><span class='ocrx_word' id='word_1_130' title='bbox 462 1491 539 1543; x_wconf 88' lang='lat' dir='ltr'><em>dit</em></span> <span class='ocrx_word' id='word_1_131' title='bbox 568 1497 620 1543; x_wconf 92' lang='grc'><em>61</em></span> <span class='ocrx_word' id='word_1_132' title='bbox 649 1492 860 1543; x_wconf 78' lang='lat' dir='ltr'><em>Media.</em></span> <span class='ocrx_word' id='word_1_133' title='bbox 951 1488 1146 1541; x_wconf 84' lang='lat' dir='ltr'><em>Scitum</em></span> <span class='ocrx_word' id='word_1_134' title='bbox 1176 1497 1255 1540; x_wconf 91' lang='lat' dir='ltr'><em>est</em></span> <span class='ocrx_word' id='word_1_135' title='bbox 1282 1487 1409 1539; x_wconf 90' lang='lat' dir='ltr'><em>illud</em></span> <span class='ocrx_word' id='word_1_136' title='bbox 1438 1487 1746 1550; x_wconf 71' lang='lat' dir='ltr'><em>dernardi,</em></span> <span class='ocrx_word' id='word_1_137' title='bbox 1786 1490 1857 1541; x_wconf 89' lang='lat' dir='ltr'><em>Ut</em></span> <span class='ocrx_word' id='word_1_138' title='bbox 1885 1490 2082 1551; x_wconf 82' lang='lat' dir='ltr'><em>oculus,</em></span> <span class='ocrx_word' id='word_1_139' title='bbox 2103 1488 2283 1558; x_wconf 88' lang='lat' dir='ltr'><em>inquit,</em></span> 
     </span>
     <span class='ocr_line' id='line_1_16' title="bbox 462 1571 2286 1641; baseline -0.002 -15"><span class='ocrx_word' id='word_1_140' title='bbox 462 1575 536 1626; x_wconf 86' lang='lat' dir='ltr'><em>sit</em></span> <span class='ocrx_word' id='word_1_141' title='bbox 573 1574 814 1641; x_wconf 65' lang='lat' dir='ltr'><em>simplest,</em></span> <span class='ocrx_word' id='word_1_142' title='bbox 862 1573 968 1623; x_wconf 82' lang='lat' dir='ltr'><em>oluo</em></span> <span class='ocrx_word' id='word_1_143' title='bbox 1010 1580 1133 1623; x_wconf 82' lang='lat' dir='ltr'><em>sunt</em></span> <span class='ocrx_word' id='word_1_144' title='bbox 1167 1571 1473 1622; x_wconf 88' lang='lat' dir='ltr'><em>necessaria</em></span> <span class='ocrx_word' id='word_1_145' title='bbox 1493 1590 1510 1621; x_wconf 92' lang='lat'><em>.·</em></span> <span class='ocrx_word' id='word_1_146' title='bbox 1552 1572 1757 1623; x_wconf 85' lang='lat' dir='ltr'><em>scilicet</em></span> <span class='ocrx_word' id='word_1_147' title='bbox 1791 1581 1852 1623; x_wconf 82' lang='lat' dir='ltr'><em>ut</em></span> <span class='ocrx_word' id='word_1_148' title='bbox 1887 1573 2090 1624; x_wconf 81' lang='lat' dir='ltr'><em>veritas</em></span> <span class='ocrx_word' id='word_1_149' title='bbox 2124 1573 2197 1623; x_wconf 86' lang='lat' dir='ltr'><em>sit</em></span> <span class='ocrx_word' id='word_1_150' title='bbox 2224 1573 2286 1623; x_wconf 89' lang='lat' dir='ltr'><em>in</em></span> 
     </span>
     <span class='ocr_line' id='line_1_17' title="bbox 463 1652 2286 1716; baseline -0.002 -8"><span class='ocrx_word' id='word_1_151' title='bbox 463 1657 723 1716; x_wconf 81' lang='lat' dir='ltr'><em>electione,</em></span> <span class='ocrx_word' id='word_1_152' title='bbox 781 1664 830 1707; x_wconf 88' lang='lat' dir='ltr'><em>et</em></span> <span class='ocrx_word' id='word_1_153' title='bbox 888 1655 1098 1705; x_wconf 88' lang='lat' dir='ltr'><em>caritas</em></span> <span class='ocrx_word' id='word_1_154' title='bbox 1153 1654 1214 1704; x_wconf 89' lang='lat' dir='ltr'><em>in</em></span> <span class='ocrx_word' id='word_1_155' title='bbox 1263 1654 1566 1705; x_wconf 88' lang='lat' dir='ltr'><em>intentione.</em></span> <span class='ocrx_word' id='word_1_156' title='bbox 1646 1652 1761 1704; x_wconf 90' lang='lat' dir='ltr'><em>Hoc</em></span> <span class='ocrx_word' id='word_1_157' title='bbox 1811 1659 1905 1714; x_wconf 91' lang='lat' dir='ltr'><em>est,</em></span> <span class='ocrx_word' id='word_1_158' title='bbox 1955 1660 2014 1705; x_wconf 91' lang='lat' dir='ltr'><em>ut</em></span> <span class='ocrx_word' id='word_1_159' title='bbox 2062 1655 2286 1705; x_wconf 85' lang='lat' dir='ltr'><em>intentio</em></span> 
     </span>
     <span class='ocr_line' id='line_1_18' title="bbox 462 1733 2287 1805; baseline -0.002 -16"><span class='ocrx_word' id='word_1_160' title='bbox 462 1745 642 1790; x_wconf 90' lang='lat' dir='ltr'><em>nostra</em></span> <span class='ocrx_word' id='word_1_161' title='bbox 668 1736 735 1789; x_wconf 88' lang='lat' dir='ltr'><em>sit</em></span> <span class='ocrx_word' id='word_1_162' title='bbox 763 1736 995 1789; x_wconf 90' lang='lat' dir='ltr'><em>absolute</em></span> <span class='ocrx_word' id='word_1_163' title='bbox 1023 1741 1181 1795; x_wconf 89' lang='lat' dir='ltr'><em>recta,</em></span> <span class='ocrx_word' id='word_1_164' title='bbox 1220 1741 1496 1802; x_wconf 86' lang='lat' dir='ltr'><em>utrumque</em></span> <span class='ocrx_word' id='word_1_165' title='bbox 1535 1733 1847 1803; x_wconf 82' lang='lat' dir='ltr'><em>requiritur:</em></span> <span class='ocrx_word' id='word_1_166' title='bbox 1891 1740 1950 1786; x_wconf 89' lang='lat' dir='ltr'><em>ut</em></span> <span class='ocrx_word' id='word_1_167' title='bbox 1977 1752 2072 1786; x_wconf 90' lang='lat' dir='ltr'><em>nec</em></span> <span class='ocrx_word' id='word_1_168' title='bbox 2100 1752 2287 1805; x_wconf 88' lang='lat' dir='ltr'><em>propo-</em></span> 
     </span>
     <span class='ocr_line' id='line_1_19' title="bbox 460 1816 2287 1886; baseline -0.002 -15"><span class='ocrx_word' id='word_1_169' title='bbox 460 1837 643 1871; x_wconf 88' lang='lat' dir='ltr'><em>namus</em></span> <span class='ocrx_word' id='word_1_170' title='bbox 681 1818 826 1871; x_wconf 88' lang='lat' dir='ltr'><em>nobis</em></span> <span class='ocrx_word' id='word_1_171' title='bbox 840 1820 1019 1886; x_wconf 86' lang='lat' dir='ltr'><em>finem,</em></span> <span class='ocrx_word' id='word_1_172' title='bbox 1051 1816 1139 1886; x_wconf 89' lang='lat' dir='ltr'><em>qui</em></span> <span class='ocrx_word' id='word_1_173' title='bbox 1168 1816 1330 1868; x_wconf 90' lang='lat' dir='ltr'><em>amori</em></span> <span class='ocrx_word' id='word_1_174' title='bbox 1357 1816 1458 1868; x_wconf 91' lang='lat' dir='ltr'><em>Dei</em></span> <span class='ocrx_word' id='word_1_175' title='bbox 1488 1823 1540 1869; x_wconf 91' lang='grc'><em>61</em></span> <span class='ocrx_word' id='word_1_176' title='bbox 1568 1816 1789 1886; x_wconf 88' lang='lat' dir='ltr'><em>proximi</em></span> <span class='ocrx_word' id='word_1_177' title='bbox 1817 1816 2154 1879; x_wconf 81' lang='lat' dir='ltr'><em>adversetur3</em></span> <span class='ocrx_word' id='word_1_178' title='bbox 2193 1834 2287 1868; x_wconf 90' lang='lat' dir='ltr'><em>nec</em></span> 
     </span>
     <span class='ocr_line' id='line_1_20' title="bbox 461 1897 2288 1971; baseline -0.002 -18"><span class='ocrx_word' id='word_1_179' title='bbox 461 1904 644 1955; x_wconf 78' lang='lat' dir='ltr'><em>media</em></span> <span class='ocrx_word' id='word_1_180' title='bbox 673 1901 921 1971; x_wconf 79' lang='lat' dir='ltr'><em>eligamus</em></span> <span class='ocrx_word' id='word_1_181' title='bbox 958 1917 1072 1969; x_wconf 84' lang='lat' dir='ltr'><em>quae</em></span> <span class='ocrx_word' id='word_1_182' title='bbox 1110 1916 1213 1950; x_wconf 91' lang='lat' dir='ltr'><em>non</em></span> <span class='ocrx_word' id='word_1_183' title='bbox 1258 1898 1360 1951; x_wconf 89' lang='lat' dir='ltr'><em>sint</em></span> <span class='ocrx_word' id='word_1_184' title='bbox 1396 1916 1508 1950; x_wconf 91' lang='lat' dir='ltr'><em>cum</em></span> <span class='ocrx_word' id='word_1_185' title='bbox 1548 1897 1748 1968; x_wconf 86' lang='lat' dir='ltr'><em>justitia</em></span> <span class='ocrx_word' id='word_1_186' title='bbox 1777 1905 1830 1951; x_wconf 89' lang='lat' dir='ltr'><em>et</em></span> <span class='ocrx_word' id='word_1_187' title='bbox 1870 1899 2141 1951; x_wconf 84' lang='lat' dir='ltr'><em>honestate</em></span> <span class='ocrx_word' id='word_1_188' title='bbox 2171 1917 2288 1950; x_wconf 89' lang='lat' dir='ltr'><em>con-</em></span> 
     </span>
     <span class='ocr_line' id='line_1_21' title="bbox 453 1980 2284 2054; baseline -0.002 -18"><span class='ocrx_word' id='word_1_189' title='bbox 453 1982 652 2054; x_wconf 86' lang='lat' dir='ltr'><em>juncta.</em></span> <span class='ocrx_word' id='word_1_190' title='bbox 741 1984 805 2034; x_wconf 87' lang='lat' dir='ltr'><em>In</em></span> <span class='ocrx_word' id='word_1_191' title='bbox 834 1981 971 2034; x_wconf 89' lang='lat' dir='ltr'><em>omni</em></span> <span class='ocrx_word' id='word_1_192' title='bbox 998 1981 1158 2052; x_wconf 90' lang='lat' dir='ltr'><em>igitur</em></span> <span class='ocrx_word' id='word_1_193' title='bbox 1188 1998 1359 2050; x_wconf 91' lang='lat' dir='ltr'><em>opere,</em></span> <span class='ocrx_word' id='word_1_194' title='bbox 1396 1998 1500 2032; x_wconf 90' lang='lat' dir='ltr'><em>non</em></span> <span class='ocrx_word' id='word_1_195' title='bbox 1542 1980 1596 2032; x_wconf 89' lang='lat' dir='ltr'><em>id</em></span> <span class='ocrx_word' id='word_1_196' title='bbox 1639 1981 1799 2033; x_wconf 90' lang='lat' dir='ltr'><em>solum</em></span> <span class='ocrx_word' id='word_1_197' title='bbox 1828 1981 2161 2051; x_wconf 90' lang='lat' dir='ltr'><em>spectandum</em></span> <span class='ocrx_word' id='word_1_198' title='bbox 2191 1988 2284 2042; x_wconf 87' lang='lat' dir='ltr'><em>est,</em></span> 
     </span>
     <span class='ocr_line' id='line_1_22' title="bbox 462 2062 2288 2134; baseline -0.002 -16"><span class='ocrx_word' id='word_1_199' title='bbox 462 2073 522 2118; x_wconf 89' lang='grc'><em>111</em></span> <span class='ocrx_word' id='word_1_200' title='bbox 550 2066 615 2118; x_wconf 91' lang='lat' dir='ltr'><em>sit</em></span> <span class='ocrx_word' id='word_1_201' title='bbox 642 2064 787 2117; x_wconf 89' lang='lat' dir='ltr'><em>nobis</em></span> <span class='ocrx_word' id='word_1_202' title='bbox 818 2066 981 2117; x_wconf 80' lang='lat' dir='ltr'><em>bonus</em></span> <span class='ocrx_word' id='word_1_203' title='bbox 1009 2062 1300 2133; x_wconf 88' lang='lat' dir='ltr'><em>propositus</em></span> <span class='ocrx_word' id='word_1_204' title='bbox 1317 2065 1488 2130; x_wconf 87' lang='lat' dir='ltr'><em>finis‚·</em></span> <span class='ocrx_word' id='word_1_205' title='bbox 1534 2062 1625 2115; x_wconf 91' lang='lat' dir='ltr'><em>sed</em></span> <span class='ocrx_word' id='word_1_206' title='bbox 1663 2070 1716 2115; x_wconf 92' lang='lat' dir='ltr'><em>et</em></span> <span class='ocrx_word' id='word_1_207' title='bbox 1757 2081 1915 2133; x_wconf 91' lang='lat' dir='ltr'><em>opera</em></span> <span class='ocrx_word' id='word_1_208' title='bbox 1949 2063 2157 2134; x_wconf 87' lang='lat' dir='ltr'><em>insuper</em></span> <span class='ocrx_word' id='word_1_209' title='bbox 2195 2063 2288 2114; x_wconf 93' lang='lat' dir='ltr'><em>ad-</em></span> 
     </span>
     <span class='ocr_line' id='line_1_23' title="bbox 462 2143 2288 2217; baseline -0.002 -17"><span class='ocrx_word' id='word_1_210' title='bbox 462 2148 703 2210; x_wconf 90' lang='lat' dir='ltr'><em>hibenda,</em></span> <span class='ocrx_word' id='word_1_211' title='bbox 726 2154 786 2200; x_wconf 92' lang='lat' dir='ltr'><em>ut</em></span> <span class='ocrx_word' id='word_1_212' title='bbox 810 2148 1030 2207; x_wconf 81' lang='lat' dir='ltr'><em>idoneis,</em></span> <span class='ocrx_word' id='word_1_213' title='bbox 1062 2144 1302 2217; x_wconf 86' lang='lat' dir='ltr'><em>legitimis</em></span> <span class='ocrx_word' id='word_1_214' title='bbox 1325 2163 1385 2196; x_wconf 90' lang='lat' dir='ltr'><em>ac</em></span> <span class='ocrx_word' id='word_1_215' title='bbox 1413 2143 1642 2197; x_wconf 88' lang='lat' dir='ltr'><em>honestis</em></span> <span class='ocrx_word' id='word_1_216' title='bbox 1670 2147 1862 2199; x_wconf 83' lang='lat' dir='ltr'><em>mediis</em></span> <span class='ocrx_word' id='word_1_217' title='bbox 1889 2146 1956 2197; x_wconf 92' lang='lat' dir='ltr'><em>ad</em></span> <span class='ocrx_word' id='word_1_218' title='bbox 1982 2164 2188 2216; x_wconf 89' lang='lat' dir='ltr'><em>scopum</em></span> <span class='ocrx_word' id='word_1_219' title='bbox 2218 2144 2288 2197; x_wconf 91' lang='lat' dir='ltr'><em>sic</em></span> 
     </span>
     <span class='ocr_line' id='line_1_24' title="bbox 462 2226 2289 2301; baseline -0.002 -19"><span class='ocrx_word' id='word_1_220' title='bbox 462 2230 781 2301; x_wconf 87' lang='lat' dir='ltr'><em>propositum</em></span> <span class='ocrx_word' id='word_1_221' title='bbox 830 2228 1210 2282; x_wconf 88' lang='lat' dir='ltr'><em>contendamus.</em></span> <span class='ocrx_word' id='word_1_222' title='bbox 1301 2227 1430 2279; x_wconf 85' lang='lat' dir='ltr'><em>Cum</em></span> <span class='ocrx_word' id='word_1_223' title='bbox 1477 2226 1612 2279; x_wconf 88' lang='lat' dir='ltr'><em>enim</em></span> <span class='ocrx_word' id='word_1_224' title='bbox 1658 2229 1838 2281; x_wconf 86' lang='lat' dir='ltr'><em>electio</em></span> <span class='ocrx_word' id='word_1_225' title='bbox 1886 2230 2182 2281; x_wconf 81' lang='lat' dir='ltr'><em>mediorum</em></span> <span class='ocrx_word' id='word_1_226' title='bbox 2223 2245 2289 2279; x_wconf 84' lang='lat' dir='ltr'><em>ex</em></span> 
     </span>
     <span class='ocr_line' id='line_1_25' title="bbox 463 2308 2286 2380; baseline -0.001 -15"><span class='ocrx_word' id='word_1_227' title='bbox 463 2315 753 2366; x_wconf 88' lang='lat' dir='ltr'><em>intentione</em></span> <span class='ocrx_word' id='word_1_228' title='bbox 777 2314 912 2380; x_wconf 87' lang='lat' dir='ltr'><em>finis</em></span> <span class='ocrx_word' id='word_1_229' title='bbox 941 2310 1153 2372; x_wconf 87' lang='lat' dir='ltr'><em>oriatur,</em></span> <span class='ocrx_word' id='word_1_230' title='bbox 1199 2315 1252 2362; x_wconf 89' lang='lat' dir='ltr'><em>et</em></span> <span class='ocrx_word' id='word_1_231' title='bbox 1280 2308 1347 2361; x_wconf 92' lang='lat' dir='ltr'><em>sit</em></span> <span class='ocrx_word' id='word_1_232' title='bbox 1376 2328 1489 2361; x_wconf 91' lang='lat' dir='ltr'><em>cum</em></span> <span class='ocrx_word' id='word_1_233' title='bbox 1519 2328 1581 2362; x_wconf 89' lang='lat' dir='ltr'><em>ea</em></span> <span class='ocrx_word' id='word_1_234' title='bbox 1608 2308 1682 2362; x_wconf 92' lang='lat' dir='ltr'><em>ita</em></span> <span class='ocrx_word' id='word_1_235' title='bbox 1710 2310 1995 2362; x_wconf 90' lang='lat' dir='ltr'><em>necessario</em></span> <span class='ocrx_word' id='word_1_236' title='bbox 2039 2328 2286 2373; x_wconf 84' lang='lat' dir='ltr'><em>connexa,</em></span> 
     </span>
     <span class='ocr_line' id='line_1_26' title="bbox 462 2391 2290 2464; baseline 0 -17"><span class='ocrx_word' id='word_1_237' title='bbox 462 2401 522 2447; x_wconf 89' lang='lat' dir='ltr'><em>ut</em></span> <span class='ocrx_word' id='word_1_238' title='bbox 549 2396 740 2447; x_wconf 88' lang='lat' dir='ltr'><em>habeat</em></span> <span class='ocrx_word' id='word_1_239' title='bbox 767 2399 1005 2464; x_wconf 85' lang='lat' dir='ltr'><em>respectu</em></span> <span class='ocrx_word' id='word_1_240' title='bbox 1045 2392 1153 2462; x_wconf 89' lang='lat' dir='ltr'><em>ejus</em></span> <span class='ocrx_word' id='word_1_241' title='bbox 1189 2391 1438 2445; x_wconf 86' lang='lat' dir='ltr'><em>rationem</em></span> <span class='ocrx_word' id='word_1_242' title='bbox 1465 2394 1760 2445; x_wconf 81' lang='lat' dir='ltr'><em>accidentis</em></span> <span class='ocrx_word' id='word_1_243' title='bbox 1789 2392 2049 2462; x_wconf 86' lang='lat' dir='ltr'><em>cujusdam</em></span> <span class='ocrx_word' id='word_1_244' title='bbox 2078 2395 2290 2463; x_wconf 75' lang='lat' dir='ltr'><em>insepa-</em></span> 
     </span>
     <span class='ocr_line' id='line_1_27' title="bbox 464 2474 2288 2541; baseline -0.001 -12"><span class='ocrx_word' id='word_1_245' title='bbox 464 2479 677 2541; x_wconf 84' lang='lat' dir='ltr'><em>rabilis,</em></span> <span class='ocrx_word' id='word_1_246' title='bbox 729 2476 812 2529; x_wconf 87' lang='lat' dir='ltr'><em>vel</em></span> <span class='ocrx_word' id='word_1_247' title='bbox 855 2475 1155 2528; x_wconf 69' lang='lat' dir='ltr'><em>necessariae</em></span> <span class='ocrx_word' id='word_1_248' title='bbox 1200 2477 1657 2527; x_wconf 81' lang='lat' dir='ltr'><em>circumstantioe:</em></span> <span class='ocrx_word' id='word_1_249' title='bbox 1704 2474 2003 2527; x_wconf 84' lang='lat' dir='ltr'><em>Scholastici</em></span> <span class='ocrx_word' id='word_1_250' title='bbox 2034 2475 2143 2527; x_wconf 87' lang='lat' dir='ltr'><em>fere</em></span> <span class='ocrx_word' id='word_1_251' title='bbox 2173 2494 2288 2528; x_wconf 88' lang='lat' dir='ltr'><em>con-</em></span> 
     </span>
     <span class='ocr_line' id='line_1_28' title="bbox 465 2555 2287 2622; baseline 0 -12"><span class='ocrx_word' id='word_1_252' title='bbox 465 2559 678 2610; x_wconf 88' lang='lat' dir='ltr'><em>cludunt</em></span> <span class='ocrx_word' id='word_1_253' title='bbox 716 2560 1051 2611; x_wconf 85' lang='lat' dir='ltr'><em>relectionem</em></span> <span class='ocrx_word' id='word_1_254' title='bbox 1086 2558 1290 2608; x_wconf 90' lang='lat' dir='ltr'><em>malam</em></span> <span class='ocrx_word' id='word_1_255' title='bbox 1319 2555 1503 2608; x_wconf 83' lang='lat' dir='ltr'><em>vitiare</em></span> <span class='ocrx_word' id='word_1_256' title='bbox 1536 2558 1878 2610; x_wconf 86' lang='lat' dir='ltr'><em>intentionem</em></span> <span class='ocrx_word' id='word_1_257' title='bbox 1914 2556 2041 2609; x_wconf 92' lang='lat' dir='ltr'><em>alias</em></span> <span class='ocrx_word' id='word_1_258' title='bbox 2081 2559 2287 2622; x_wconf 80' lang='lat' dir='ltr'><em>bonam,</em></span> 
     </span>
     <span class='ocr_line' id='line_1_29' title="bbox 464 2637 2289 2708; baseline 0 -17"><span class='ocrx_word' id='word_1_259' title='bbox 464 2640 730 2692; x_wconf 88' lang='lat' dir='ltr'><em>reddendo</em></span> <span class='ocrx_word' id='word_1_260' title='bbox 777 2657 891 2691; x_wconf 91' lang='lat' dir='ltr'><em>eam</em></span> <span class='ocrx_word' id='word_1_261' title='bbox 940 2656 1006 2689; x_wconf 88' lang='lat' dir='ltr'><em>ex</em></span> <span class='ocrx_word' id='word_1_262' title='bbox 1051 2638 1187 2689; x_wconf 88' lang='lat' dir='ltr'><em>bona</em></span> <span class='ocrx_word' id='word_1_263' title='bbox 1234 2637 1453 2698; x_wconf 91' lang='lat' dir='ltr'><em>malam;</em></span> <span class='ocrx_word' id='word_1_264' title='bbox 1498 2638 1678 2689; x_wconf 87' lang='lat' dir='ltr'><em>eodem</em></span> <span class='ocrx_word' id='word_1_265' title='bbox 1728 2638 1931 2690; x_wconf 87' lang='lat' dir='ltr'><em>omnino</em></span> <span class='ocrx_word' id='word_1_266' title='bbox 1977 2639 2142 2701; x_wconf 90' lang='lat' dir='ltr'><em>mod0,</em></span> <span class='ocrx_word' id='word_1_267' title='bbox 2188 2657 2289 2708; x_wconf 85' lang='lat' dir='ltr'><em>quo</em></span> 
     </span>
     <span class='ocr_line' id='line_1_30' title="bbox 466 2718 2290 2792; baseline -0.001 -19"><span class='ocrx_word' id='word_1_268' title='bbox 466 2723 627 2773; x_wconf 81' lang='lat' dir='ltr'><em>malae</em></span> <span class='ocrx_word' id='word_1_269' title='bbox 673 2721 1095 2775; x_wconf 83' lang='lat' dir='ltr'><em>circumstantiae</em></span> <span class='ocrx_word' id='word_1_270' title='bbox 1141 2718 1327 2771; x_wconf 87' lang='lat' dir='ltr'><em>vitiant</em></span> <span class='ocrx_word' id='word_1_271' title='bbox 1376 2720 1628 2781; x_wconf 76' lang='lat' dir='ltr'><em>actiones,</em></span> <span class='ocrx_word' id='word_1_272' title='bbox 1680 2736 1898 2788; x_wconf 88' lang='lat' dir='ltr'><em>quarum</em></span> <span class='ocrx_word' id='word_1_273' title='bbox 1939 2727 2059 2773; x_wconf 88' lang='lat' dir='ltr'><em>sunt</em></span> <span class='ocrx_word' id='word_1_274' title='bbox 2099 2738 2290 2792; x_wconf 89' lang='lat' dir='ltr'><em>appen-</em></span> 
     </span>
     <span class='ocr_line' id='line_1_31' title="bbox 466 2803 619 2856; baseline 0 0"><span class='ocrx_word' id='word_1_275' title='bbox 466 2803 619 2856; x_wconf 84' lang='grc'>(11665.</span> 
     </span>
    </p>
   </div>
   <div class='ocr_carea' id='block_1_3' title="bbox 539 2942 2250 3054">
    <p class='ocr_par' dir='ltr' id='par_1_3' title="bbox 539 2942 2250 3054">
     <span class='ocr_line' id='line_1_32' title="bbox 539 2942 2250 2992; baseline 0.002 -15"><span class='ocrx_word' id='word_1_276' title='bbox 539 2950 558 2977; x_wconf 78' lang='lat' dir='ltr'>q</span> <span class='ocrx_word' id='word_1_277' title='bbox 586 2942 651 2991; x_wconf 90' lang='lat' dir='ltr'><em>[de</em></span> <span class='ocrx_word' id='word_1_278' title='bbox 670 2954 789 2991; x_wconf 88' lang='lat' dir='ltr'><em>praec.</em></span> <span class='ocrx_word' id='word_1_279' title='bbox 805 2945 845 2979; x_wconf 89' lang='lat' dir='ltr'><em>et</em></span> <span class='ocrx_word' id='word_1_280' title='bbox 864 2942 1034 2991; x_wconf 86' lang='lat' dir='ltr'><em>dispens.</em></span> <span class='ocrx_word' id='word_1_281' title='bbox 1056 2955 1143 2992; x_wconf 86' lang='lat' dir='ltr'><em>cap.</em></span> <span class='ocrx_word' id='word_1_282' title='bbox 1156 2943 1272 2992; x_wconf 67' lang='lat' dir='ltr'><em>xvii]</em></span> <span class='ocrx_word' id='word_1_283' title='bbox 1419 2944 1669 2992; x_wconf 77' lang='lat' dir='ltr'><em>reprehendo.</em></span> <span class='ocrx_word' id='word_1_284' title='bbox 1721 2943 1809 2983; x_wconf 89' lang='lat' dir='ltr'><em>Cic.</em></span> <span class='ocrx_word' id='word_1_285' title='bbox 1829 2943 1881 2981; x_wconf 86' lang='lat' dir='ltr'><em>ix.</em></span> <span class='ocrx_word' id='word_1_286' title='bbox 1900 2944 1951 2980; x_wconf 88' lang='lat' dir='ltr'><em>ad</em></span> <span class='ocrx_word' id='word_1_287' title='bbox 1968 2942 2095 2981; x_wconf 77' lang='lat' dir='ltr'><em>Attio.</em></span> <span class='ocrx_word' id='word_1_288' title='bbox 2119 2942 2172 2991; x_wconf 88' lang='lat'><em>[9.</em></span> <span class='ocrx_word' id='word_1_289' title='bbox 2194 2942 2250 2991; x_wconf 88' lang='grc'><em>2.]</em></span> 
     </span>
     <span class='ocr_line' id='line_1_33' title="bbox 541 3005 1342 3054; baseline 0.001 -12"><span class='ocrx_word' id='word_1_290' title='bbox 541 3012 557 3032; x_wconf 87' lang='lat'><em>¹·</em></span> <span class='ocrx_word' id='word_1_291' title='bbox 582 3006 764 3043; x_wconf 85' lang='lat' dir='ltr'><em>Animum</em></span> <span class='ocrx_word' id='word_1_292' title='bbox 806 3005 938 3050; x_wconf 81' lang='lat' dir='ltr'><em>laudo,</em></span> <span class='ocrx_word' id='word_1_293' title='bbox 982 3005 1086 3054; x_wconf 82' lang='lat' dir='ltr'><em>[sed]</em></span> <span class='ocrx_word' id='word_1_294' title='bbox 1138 3007 1342 3043; x_wconf 82' lang='lat' dir='ltr'><em>consilium</em></span> 
     </span>
    </p>
   </div>
   <div class='ocr_carea' id='block_1_4' title="bbox 461 3115 2292 3746">
    <p class='ocr_par' dir='ltr' id='par_1_4' title="bbox 461 3115 2292 3306">
     <span class='ocr_line' id='line_1_34' title="bbox 465 3115 2291 3178; baseline -0.003 -14"><span class='ocrx_word' id='word_1_295' title='bbox 465 3121 630 3172; x_wconf 85' lang='lat' dir='ltr'><em>Rome,</em></span> <span class='ocrx_word' id='word_1_296' title='bbox 649 3120 698 3162; x_wconf 89' lang='lat' dir='ltr'><em>in</em></span> <span class='ocrx_word' id='word_1_297' title='bbox 719 3132 807 3163; x_wconf 88' lang='lat' dir='ltr'><em>one</em></span> <span class='ocrx_word' id='word_1_298' title='bbox 833 3132 980 3171; x_wconf 87' lang='lat' dir='ltr'><em>sense,</em></span> <span class='ocrx_word' id='word_1_299' title='bbox 999 3118 1133 3164; x_wconf 88' lang='lat' dir='ltr'><em>when</em></span> <span class='ocrx_word' id='word_1_300' title='bbox 1163 3119 1224 3164; x_wconf 92' lang='lat' dir='ltr'><em>he</em></span> <span class='ocrx_word' id='word_1_301' title='bbox 1259 3120 1437 3178; x_wconf 88' lang='lat' dir='ltr'><em>merely</em></span> <span class='ocrx_word' id='word_1_302' title='bbox 1459 3119 1617 3163; x_wconf 85' lang='lat' dir='ltr'><em>thinks</em></span> <span class='ocrx_word' id='word_1_303' title='bbox 1651 3119 1705 3162; x_wconf 84' lang='lat' dir='ltr'><em>of</em></span> <span class='ocrx_word' id='word_1_304' title='bbox 1731 3119 1882 3162; x_wconf 87' lang='lat' dir='ltr'><em>Rome</em></span> <span class='ocrx_word' id='word_1_305' title='bbox 1912 3116 1994 3160; x_wconf 88' lang='lat' dir='ltr'><em>the</em></span> <span class='ocrx_word' id='word_1_306' title='bbox 2029 3116 2122 3160; x_wconf 89' lang='lat' dir='ltr'><em>end</em></span> <span class='ocrx_word' id='word_1_307' title='bbox 2145 3115 2199 3160; x_wconf 86' lang='lat' dir='ltr'><em>of</em></span> <span class='ocrx_word' id='word_1_308' title='bbox 2219 3116 2291 3159; x_wconf 89' lang='lat' dir='ltr'><em>his</em></span> 
     </span>
     <span class='ocr_line' id='line_1_35' title="bbox 461 3187 2292 3248; baseline -0.002 -13"><span class='ocrx_word' id='word_1_309' title='bbox 461 3193 673 3248; x_wconf 76' lang='lat' dir='ltr'><em>Journey,</em></span> <span class='ocrx_word' id='word_1_310' title='bbox 695 3190 789 3233; x_wconf 91' lang='lat' dir='ltr'><em>and</em></span> <span class='ocrx_word' id='word_1_311' title='bbox 811 3192 861 3233; x_wconf 90' lang='lat' dir='ltr'><em>in</em></span> <span class='ocrx_word' id='word_1_312' title='bbox 881 3190 1079 3234; x_wconf 85' lang='lat' dir='ltr'><em>another</em></span> <span class='ocrx_word' id='word_1_313' title='bbox 1110 3205 1257 3243; x_wconf 91' lang='lat' dir='ltr'><em>sense,</em></span> <span class='ocrx_word' id='word_1_314' title='bbox 1277 3191 1410 3234; x_wconf 86' lang='lat' dir='ltr'><em>when</em></span> <span class='ocrx_word' id='word_1_315' title='bbox 1437 3190 1498 3234; x_wconf 85' lang='lat' dir='ltr'><em>he</em></span> <span class='ocrx_word' id='word_1_316' title='bbox 1529 3191 1687 3235; x_wconf 82' lang='lat' dir='ltr'><em>thinks</em></span> <span class='ocrx_word' id='word_1_317' title='bbox 1709 3189 1763 3233; x_wconf 87' lang='lat' dir='ltr'><em>of</em></span> <span class='ocrx_word' id='word_1_318' title='bbox 1782 3188 1863 3233; x_wconf 87' lang='lat' dir='ltr'><em>the</em></span> <span class='ocrx_word' id='word_1_319' title='bbox 1893 3187 2008 3232; x_wconf 90' lang='lat' dir='ltr'><em>road</em></span> <span class='ocrx_word' id='word_1_320' title='bbox 2038 3201 2087 3231; x_wconf 89' lang='lat' dir='ltr'><em>as</em></span> <span class='ocrx_word' id='word_1_321' title='bbox 2118 3187 2222 3231; x_wconf 89' lang='lat' dir='ltr'><em>well</em></span> <span class='ocrx_word' id='word_1_322' title='bbox 2241 3199 2292 3231; x_wconf 84' lang='lat' dir='ltr'><em>as</em></span> 
     </span>
     <span class='ocr_line' id='line_1_36' title="bbox 468 3262 745 3306; baseline -0.004 -1"><span class='ocrx_word' id='word_1_323' title='bbox 468 3262 522 3305; x_wconf 87' lang='lat' dir='ltr'><em>of</em></span> <span class='ocrx_word' id='word_1_324' title='bbox 536 3262 617 3306; x_wconf 86' lang='lat' dir='ltr'><em>the</em></span> <span class='ocrx_word' id='word_1_325' title='bbox 638 3262 745 3306; x_wconf 86' lang='lat' dir='ltr'><em>end.</em></span> 
     </span>
    </p>

    <p class='ocr_par' dir='ltr' id='par_1_5' title="bbox 467 3328 2292 3602">
     <span class='ocr_line' id='line_1_37' title="bbox 560 3328 2291 3390; baseline -0.003 -13"><span class='ocrx_word' id='word_1_326' title='bbox 560 3334 679 3377; x_wconf 90' lang='lat' dir='ltr'><em>Now</em></span> <span class='ocrx_word' id='word_1_327' title='bbox 700 3346 781 3384; x_wconf 91' lang='lat' dir='ltr'><em>we,</em></span> <span class='ocrx_word' id='word_1_328' title='bbox 805 3332 855 3374; x_wconf 90' lang='lat' dir='ltr'><em>in</em></span> <span class='ocrx_word' id='word_1_329' title='bbox 878 3332 970 3377; x_wconf 89' lang='lat' dir='ltr'><em>this</em></span> <span class='ocrx_word' id='word_1_330' title='bbox 996 3332 1264 3386; x_wconf 84' lang='lat' dir='ltr'><em>discussion,</em></span> <span class='ocrx_word' id='word_1_331' title='bbox 1286 3332 1430 3390; x_wconf 89' lang='lat' dir='ltr'><em>speak</em></span> <span class='ocrx_word' id='word_1_332' title='bbox 1451 3331 1504 3376; x_wconf 84' lang='lat' dir='ltr'><em>of</em></span> <span class='ocrx_word' id='word_1_333' title='bbox 1523 3332 1751 3375; x_wconf 86' lang='lat' dir='ltr'><em>Intention</em></span> <span class='ocrx_word' id='word_1_334' title='bbox 1769 3331 1818 3373; x_wconf 91' lang='lat' dir='ltr'><em>in</em></span> <span class='ocrx_word' id='word_1_335' title='bbox 1837 3329 1918 3374; x_wconf 87' lang='lat' dir='ltr'><em>the</em></span> <span class='ocrx_word' id='word_1_336' title='bbox 1943 3328 2119 3373; x_wconf 90' lang='lat' dir='ltr'><em>former</em></span> <span class='ocrx_word' id='word_1_337' title='bbox 2138 3340 2291 3378; x_wconf 87' lang='lat' dir='ltr'><em>sense;</em></span> 
     </span>
     <span class='ocr_line' id='line_1_38' title="bbox 468 3398 2291 3461; baseline -0.004 -14"><span class='ocrx_word' id='word_1_338' title='bbox 468 3404 554 3447; x_wconf 88' lang='lat' dir='ltr'><em>but</em></span> <span class='ocrx_word' id='word_1_339' title='bbox 577 3404 659 3447; x_wconf 89' lang='lat' dir='ltr'><em>the</em></span> <span class='ocrx_word' id='word_1_340' title='bbox 683 3404 1041 3461; x_wconf 84' lang='lat' dir='ltr'><em>interpretation</em></span> <span class='ocrx_word' id='word_1_341' title='bbox 1071 3404 1124 3447; x_wconf 84' lang='lat' dir='ltr'><em>of</em></span> <span class='ocrx_word' id='word_1_342' title='bbox 1150 3404 1232 3448; x_wconf 89' lang='lat' dir='ltr'><em>the</em></span> <span class='ocrx_word' id='word_1_343' title='bbox 1258 3404 1407 3448; x_wconf 90' lang='lat' dir='ltr'><em>words</em></span> <span class='ocrx_word' id='word_1_344' title='bbox 1440 3403 1494 3447; x_wconf 84' lang='lat' dir='ltr'><em>of</em></span> <span class='ocrx_word' id='word_1_345' title='bbox 1522 3402 1676 3446; x_wconf 84' lang='lat' dir='ltr'><em>Christ</em></span> <span class='ocrx_word' id='word_1_346' title='bbox 1702 3401 1852 3445; x_wconf 86' lang='lat' dir='ltr'><em>which</em></span> <span class='ocrx_word' id='word_1_347' title='bbox 1872 3400 2030 3443; x_wconf 88' lang='lat' dir='ltr'><em>makes</em></span> <span class='ocrx_word' id='word_1_348' title='bbox 2052 3398 2291 3442; x_wconf 87' lang='lat' dir='ltr'><em>Intention</em></span> 
     </span>
     <span class='ocr_line' id='line_1_39' title="bbox 469 3468 2292 3527; baseline -0.004 -10"><span class='ocrx_word' id='word_1_349' title='bbox 469 3475 726 3518; x_wconf 86' lang='lat' dir='ltr'><em>determine</em></span> <span class='ocrx_word' id='word_1_350' title='bbox 747 3474 829 3518; x_wconf 86' lang='lat' dir='ltr'><em>the</em></span> <span class='ocrx_word' id='word_1_351' title='bbox 863 3476 1001 3519; x_wconf 88' lang='lat' dir='ltr'><em>merit</em></span> <span class='ocrx_word' id='word_1_352' title='bbox 1031 3475 1086 3519; x_wconf 86' lang='lat' dir='ltr'><em>of</em></span> <span class='ocrx_word' id='word_1_353' title='bbox 1103 3476 1294 3527; x_wconf 89' lang='lat' dir='ltr'><em>actions,</em></span> <span class='ocrx_word' id='word_1_354' title='bbox 1328 3488 1531 3519; x_wconf 86' lang='lat' dir='ltr'><em>assumes</em></span> <span class='ocrx_word' id='word_1_355' title='bbox 1555 3473 1637 3517; x_wconf 86' lang='lat' dir='ltr'><em>the</em></span> <span class='ocrx_word' id='word_1_356' title='bbox 1655 3473 1797 3516; x_wconf 88' lang='lat' dir='ltr'><em>latter</em></span> <span class='ocrx_word' id='word_1_357' title='bbox 1816 3483 1947 3515; x_wconf 88' lang='lat' dir='ltr'><em>sense</em></span> <span class='ocrx_word' id='word_1_358' title='bbox 1972 3469 2027 3512; x_wconf 88' lang='lat' dir='ltr'><em>of</em></span> <span class='ocrx_word' id='word_1_359' title='bbox 2052 3468 2292 3520; x_wconf 87' lang='lat' dir='ltr'><em>Intention‚</em></span> 
     </span>
     <span class='ocr_line' id='line_1_40' title="bbox 467 3545 1514 3602; baseline 0.001 -15"><span class='ocrx_word' id='word_1_360' title='bbox 467 3546 706 3602; x_wconf 86' lang='lat' dir='ltr'><em>including</em></span> <span class='ocrx_word' id='word_1_361' title='bbox 737 3545 818 3589; x_wconf 90' lang='lat' dir='ltr'><em>the</em></span> <span class='ocrx_word' id='word_1_362' title='bbox 838 3546 1000 3590; x_wconf 86' lang='lat' dir='ltr'><em>Means</em></span> <span class='ocrx_word' id='word_1_363' title='bbox 1026 3561 1075 3590; x_wconf 90' lang='lat' dir='ltr'><em>as</em></span> <span class='ocrx_word' id='word_1_364' title='bbox 1097 3547 1200 3590; x_wconf 89' lang='lat' dir='ltr'><em>well</em></span> <span class='ocrx_word' id='word_1_365' title='bbox 1224 3560 1273 3590; x_wconf 91' lang='lat' dir='ltr'><em>as</em></span> <span class='ocrx_word' id='word_1_366' title='bbox 1294 3547 1375 3591; x_wconf 86' lang='lat' dir='ltr'><em>the</em></span> <span class='ocrx_word' id='word_1_367' title='bbox 1394 3546 1514 3589; x_wconf 88' lang='lat' dir='ltr'><em>End.</em></span> 
     </span>
    </p>

    <p class='ocr_par' dir='ltr' id='par_1_6' title="bbox 469 3608 2292 3746">
     <span class='ocr_line' id='line_1_41' title="bbox 554 3608 2292 3675; baseline -0.004 -17"><span class='ocrx_word' id='word_1_368' title='bbox 554 3617 622 3659; x_wconf 91' lang='lat' dir='ltr'><em>To</em></span> <span class='ocrx_word' id='word_1_369' title='bbox 643 3616 734 3659; x_wconf 86' lang='lat' dir='ltr'><em>this</em></span> <span class='ocrx_word' id='word_1_370' title='bbox 756 3616 893 3660; x_wconf 89' lang='lat' dir='ltr'><em>effect</em></span> <span class='ocrx_word' id='word_1_371' title='bbox 912 3618 1076 3675; x_wconf 86' lang='lat' dir='ltr'><em>speaks</em></span> <span class='ocrx_word' id='word_1_372' title='bbox 1103 3618 1171 3662; x_wconf 85' lang='lat' dir='ltr'><em>St.</em></span> <span class='ocrx_word' id='word_1_373' title='bbox 1187 3617 1422 3661; x_wconf 89' lang='lat' dir='ltr'><em>Bernard:</em></span> <span class='ocrx_word' id='word_1_374' title='bbox 1450 3616 1477 3638; x_wconf 77' lang='lat'><em>‘⁶</em></span> <span class='ocrx_word' id='word_1_375' title='bbox 1489 3617 1597 3659; x_wconf 87' lang='lat' dir='ltr'><em>Two</em></span> <span class='ocrx_word' id='word_1_376' title='bbox 1612 3614 1766 3669; x_wconf 87' lang='lat' dir='ltr'><em>things</em></span> <span class='ocrx_word' id='word_1_377' title='bbox 1787 3625 1866 3655; x_wconf 87' lang='lat' dir='ltr'><em>are</em></span> <span class='ocrx_word' id='word_1_378' title='bbox 1884 3608 2073 3654; x_wconf 88' lang='lat' dir='ltr'><em>needful</em></span> <span class='ocrx_word' id='word_1_379' title='bbox 2090 3609 2138 3651; x_wconf 89' lang='lat' dir='ltr'><em>in</em></span> <span class='ocrx_word' id='word_1_380' title='bbox 2154 3608 2292 3652; x_wconf 91' lang='lat' dir='ltr'><em>order</em></span> 
     </span>
     <span class='ocr_line' id='line_1_42' title="bbox 469 3678 2292 3746; baseline -0.004 -18"><span class='ocrx_word' id='word_1_381' title='bbox 469 3684 574 3728; x_wconf 89' lang='lat' dir='ltr'><em>that</em></span> <span class='ocrx_word' id='word_1_382' title='bbox 588 3686 669 3729; x_wconf 87' lang='lat' dir='ltr'><em>the</em></span> <span class='ocrx_word' id='word_1_383' title='bbox 685 3700 769 3744; x_wconf 88' lang='lat' dir='ltr'><em>eye</em></span> <span class='ocrx_word' id='word_1_384' title='bbox 789 3687 849 3730; x_wconf 88' lang='lat' dir='ltr'><em>be</em></span> <span class='ocrx_word' id='word_1_385' title='bbox 870 3688 1041 3745; x_wconf 81' lang='lat' dir='ltr'><em>single3</em></span> <span class='ocrx_word' id='word_1_386' title='bbox 1061 3688 1261 3746; x_wconf 88' lang='lat' dir='ltr'><em>namely,</em></span> <span class='ocrx_word' id='word_1_387' title='bbox 1274 3687 1407 3732; x_wconf 86' lang='lat' dir='ltr'><em>truth</em></span> <span class='ocrx_word' id='word_1_388' title='bbox 1424 3688 1473 3730; x_wconf 90' lang='lat' dir='ltr'><em>in</em></span> <span class='ocrx_word' id='word_1_389' title='bbox 1491 3686 1573 3729; x_wconf 92' lang='lat' dir='ltr'><em>the</em></span> <span class='ocrx_word' id='word_1_390' title='bbox 1589 3684 1801 3734; x_wconf 88' lang='lat' dir='ltr'><em>election,</em></span> <span class='ocrx_word' id='word_1_391' title='bbox 1822 3682 1915 3725; x_wconf 88' lang='lat' dir='ltr'><em>and</em></span> <span class='ocrx_word' id='word_1_392' title='bbox 1935 3680 2114 3737; x_wconf 88' lang='lat' dir='ltr'><em>charity</em></span> <span class='ocrx_word' id='word_1_393' title='bbox 2140 3680 2190 3721; x_wconf 90' lang='lat' dir='ltr'><em>in</em></span> <span class='ocrx_word' id='word_1_394' title='bbox 2209 3678 2292 3722; x_wconf 86' lang='lat' dir='ltr'><em>the</em></span> 
     </span>
    </p>
   </div>
   <div class='ocr_carea' id='block_1_5' title="bbox 471 3750 2292 3881">
    <p class='ocr_par' dir='ltr' id='par_1_7' title="bbox 471 3750 2292 3881">
     <span class='ocr_line' id='line_1_43' title="bbox 471 3750 2292 3814; baseline -0.002 -17"><span class='ocrx_word' id='word_1_395' title='bbox 471 3755 763 3798; x_wconf 82' lang='lat' dir='ltr'><em>intention:&#39;&#39;</em></span> <span class='ocrx_word' id='word_1_396' title='bbox 793 3756 898 3800; x_wconf 90' lang='lat' dir='ltr'><em>that</em></span> <span class='ocrx_word' id='word_1_397' title='bbox 925 3759 977 3810; x_wconf 91' lang='lat' dir='ltr'><em>is,</em></span> <span class='ocrx_word' id='word_1_398' title='bbox 997 3759 1114 3803; x_wconf 90' lang='lat' dir='ltr'><em>both</em></span> <span class='ocrx_word' id='word_1_399' title='bbox 1133 3759 1265 3803; x_wconf 84' lang='lat' dir='ltr'><em>these</em></span> <span class='ocrx_word' id='word_1_400' title='bbox 1286 3759 1442 3814; x_wconf 86' lang='lat' dir='ltr'><em>things</em></span> <span class='ocrx_word' id='word_1_401' title='bbox 1475 3769 1556 3799; x_wconf 87' lang='lat' dir='ltr'><em>are</em></span> <span class='ocrx_word' id='word_1_402' title='bbox 1579 3753 1799 3811; x_wconf 88' lang='lat' dir='ltr'><em>requisite</em></span> <span class='ocrx_word' id='word_1_403' title='bbox 1832 3752 1936 3796; x_wconf 90' lang='lat' dir='ltr'><em>that</em></span> <span class='ocrx_word' id='word_1_404' title='bbox 1960 3750 2041 3795; x_wconf 89' lang='lat' dir='ltr'><em>the</em></span> <span class='ocrx_word' id='word_1_405' title='bbox 2061 3750 2292 3794; x_wconf 90' lang='lat' dir='ltr'><em>intention</em></span> 
     </span>
     <span class='ocr_line' id='line_1_44' title="bbox 471 3825 967 3881; baseline -0.002 -12"><span class='ocrx_word' id='word_1_406' title='bbox 471 3825 531 3869; x_wconf 89' lang='lat' dir='ltr'><em>be</em></span> <span class='ocrx_word' id='word_1_407' title='bbox 552 3825 810 3881; x_wconf 86' lang='lat' dir='ltr'><em>absolutely</em></span> <span class='ocrx_word' id='word_1_408' title='bbox 829 3825 967 3881; x_wconf 87' lang='lat' dir='ltr'><em>right.</em></span> 
     </span>
    </p>
   </div>
  </div>
 </body>
</html>
