2482 4166
801 234 1183 281 PRAELEOTIO
1223 235 1420 305 NONA.
1924 231 2027 287 275

195 366 462 422 instantias
489 364 643 419 etiam
674 362 737 433 (si
764 370 906 418 recte
935 364 1162 432 memini)
1192 364 1320 416 dare
1347 364 1401 416 in
1427 363 1626 417 actibus
1655 368 2027 422 Fortitudinis

194 456 249 503 et
284 448 697 517 Temperantiae.
787 447 864 498 Ut
891 446 934 498 si
965 447 1072 514 le9e
1103 446 1343 497 militari
1370 444 1646 507 sanciatur,
1680 447 1861 516 nequis
1894 449 2025 501 mili-

194 537 304 584 tum
330 530 520 582 audeat
547 528 600 580 in
627 527 805 598 praelio
828 529 1041 596 fuqere,
1077 533 1169 578 aut
1213 545 1375 579 arma
1413 527 1642 594 abjicere
1659 548 1676 579 .·
1722 528 1806 580 vel
1849 528 1891 580 si
1920 531 2026 599 leye

193 612 542 680 sumptuaria
577 609 877 662 cohibeatur
922 610 1286 662 conviviorum
1326 609 1483 661 luxus
1500 628 1521 668 ;
1563 614 1656 661 aut
1697 608 1879 661 modus
1920 617 2028 663 sta..

193 700 388 755 matur,
432 709 584 761 quem
612 690 804 743 nemini
828 690 1012 744 civium
1040 690 1093 742 in
1122 692 1332 752 vestitu,
1364 691 1669 759 famulatu,
1706 692 2029 760 supellectili

194 774 445 827 excedere
493 774 659 826 liceat.
747 772 904 826 Ratio
954 770 1252 843 posterioris
1296 771 1516 825 membri
1563 779 1673 826 est:
1720 773 1842 843 quia
1879 780 2027 827 tanta

194 856 420 910 varietas
463 862 555 918 est,
604 855 782 923 (etiam
827 855 998 924 quoad
1040 854 1176 924 ipsas
1213 856 1426 923 species,
1471 854 1632 907 multo
1662 854 1817 907 etiam
1860 856 2026 927 magis

195 938 366 1008 quoad
396 939 646 1008 qradus,)
684 944 795 990 tum
830 935 1106 989 officiorum
1131 937 1369 1000 virtutis,
1402 942 1513 989 tum
1543 954 1751 1007 operam
1774 940 1991 1006 peccati
2005 958 2026 999 ;

196 1026 257 1073 ut
305 1019 349 1071 si
394 1020 460 1072 de
509 1018 720 1091 singulis
763 1036 947 1071 cavere
1001 1017 1320 1089 legislatores
1373 1025 1631 1083 curarent,
1686 1018 1801 1089 ipsa
1854 1021 2026 1088 leyum

194 1103 485 1154 multitudo
512 1118 797 1173 gravamen
822 1107 957 1153 esset
984 1099 1302 1169 Reipublicae
1330 1118 1433 1152 non
1461 1101 1746 1154 ferendum.

312 1184 465 1237 VIII.
551 1183 682 1235 Dico
741 1193 951 1253 quarto,
1005 1181 1352 1253 legislatorem
1401 1200 1468 1234 ne
1523 1182 1591 1235 ad
1641 1182 1768 1235 illud
1817 1181 2026 1253 quidem

194 1265 377 1328 teneri,
408 1272 467 1317 ut
492 1265 661 1317 omnia
689 1282 805 1334 quae
833 1270 1005 1334 potest
1034 1263 1171 1315 mala
1199 1266 1504 1333 prohibeat,
1539 1263 1624 1317 vel
1657 1265 1792 1317 bona
1823 1268 2029 1334 proeci-

186 1350 331 1417 piat.
392 1347 585 1400 Sufficit
613 1347 763 1409 enim,
789 1346 1057 1415 utriusque
1079 1345 1284 1417 generis
1313 1345 1557 1417 graviora
1578 1364 1795 1417 quaeque
1827 1349 2029 1416 leyibus

194 1427 476 1491 contineri3
521 1436 574 1482 et
603 1446 719 1498 quae
747 1434 866 1481 sunt
892 1447 1006 1480 cum
1027 1427 1215 1499 insigni
1235 1427 1408 1497 aliqua
1435 1430 1678 1481 utilitate
1696 1430 1925 1498 publica
1953 1429 2029 1482 ita

194 1510 480 1581 conjuncta,
504 1518 563 1564 ut
588 1510 684 1562 nisi
713 1511 778 1563 de
804 1509 877 1562 eis
903 1509 1097 1579 aliquid
1122 1516 1454 1572 statueretur,
1482 1510 1628 1580 sequi
1656 1527 1862 1563 neccsse
1892 1518 2028 1563 esset

193 1610 359 1664 grave
395 1592 603 1662 aliquod
641 1592 847 1653 malum,
890 1591 1030 1660 quod
1066 1590 1163 1643 toti
1193 1591 1564 1644 communitati
1598 1597 1734 1643 esset
1762 1591 1915 1644 valde
1952 1591 2029 1643 in-

193 1674 528 1726 commodum.
607 1675 792 1742 Neque
829 1672 965 1725 enim
1007 1671 1144 1724 inter
1187 1671 1497 1741 cupiditates
1540 1672 1722 1734 carniS‚
1758 1672 2028 1726 illecebras

191 1755 385 1818 mundi,
415 1756 623 1808 Satanae
650 1753 956 1825 praestigiaS,
983 1753 1191 1824 ingenia
1218 1753 1482 1806 hominum
1513 1761 1618 1806 tam
1647 1754 1791 1807 varia
1832 1762 1886 1807 et
1922 1773 2028 1807 om-

193 1837 437 1908 nigenum
466 1836 708 1890 vitiorum
736 1835 928 1888 feracia
957 1837 1368 1905 Rempublicam
1393 1838 1750 1889 Platonicam
1779 1836 1864 1890 vel
1901 1839 2029 1890 Uto-

183 1922 376 1990 picam
415 1918 669 1972 somniare
706 1918 786 1970 fas
828 1924 922 1970 est.
1011 1916 1269 1970 Praeclare
1314 1917 1576 1970 nobiscum
1615 1918 1703 1988 agi
1744 1918 2031 1988 putandum

194 2008 289 2063 est,
330 2000 373 2053 si
409 2019 513 2053 non
554 2002 842 2053 haereamus
877 1999 931 2050 in
967 1999 1148 2052 ultima
1194 2000 1274 2066 (ut
1308 1998 1408 2051 dici
1453 1999 1603 2068 solet)
1617 2004 1760 2069 faece
1789 2002 2028 2053 Romuli.

194 2083 417 2136 Necesse
447 2089 526 2135 est
552 2083 727 2151 itaque
755 2081 810 2133 in
849 2080 986 2133 omni
1020 2080 1307 2150 Republica
1334 2080 1508 2150 aliqua
1535 2083 1688 2134 mala
1716 2099 1820 2133 non
1838 2084 2032 2150 probi-

199 2166 327 2226 beri,
376 2164 467 2216 sed
511 2166 737 2218 tolerari
755 2183 775 2224 ;
834 2162 998 2215 multa
1052 2164 1190 2215 bona
1233 2180 1338 2214 non
1374 2165 1612 2232 praecipi
1654 2163 1746 2215 sed
1787 2163 2032 2233 cujusque

196 2245 413 2299 arbitrio
424 2248 713 2314 permitti‚·
756 2243 1024 2313 utriusque
1045 2243 1251 2315 generis
1273 2244 1495 2313 plurima
1516 2243 1716 2316 legibus
1732 2248 2031 2314 praeteriri,

198 2334 252 2380 et
280 2327 334 2379 in
362 2327 531 2380 medio
552 2326 805 2396 relinqui:
847 2343 914 2377 ne
944 2344 1009 2377 ex
1030 2325 1179 2377 unius
1206 2325 1327 2377 mali
1349 2326 1640 2379 succidendi
1669 2326 2033 2397 intempestivo

198 2409 384 2470 studi0,
416 2416 737 2461 succrescant
764 2408 983 2459 fortasse
1013 2407 1113 2459 alia
1141 2407 1277 2459 mala
1301 2409 1470 2476 plura
1499 2415 1592 2460 aut
1616 2409 1847 2475 majora.

313 2491 410 2544 IX.
468 2491 704 2542 DUBmM
735 2506 1004 2552 TERTIUM,
1032 2489 1098 2540 dc
1125 2491 1424 2541 Intentione
1441 2491 1805 2558 Leyislatoris
1822 2510 1840 2542 .·
1869 2489 1954 2542 An
1982 2496 2037 2543 et

199 2578 452 2642 quatenus
480 2572 777 2641 requiratur
804 2571 873 2623 ad
901 2571 1140 2622 effectum
1169 2572 1451 2639 obliqandi
1470 2571 1499 2622 Ρ
1579 2572 1732 2633 Quod
1770 2578 1850 2623 est
1893 2589 2034 2641 quae-

199 2672 334 2715 rere,
369 2653 411 2706 si
439 2653 679 2724 princeps
714 2652 852 2705 nullo
891 2651 1110 2722 justitiae
1148 2658 1242 2703 aut
1279 2654 1497 2720 publici
1538 2654 1662 2705 boni
1696 2652 1903 2715 intuita,
1943 2653 2037 2705 sed

201 2737 325 2788 oclio
368 2742 460 2788 aut
500 2737 695 2805 qratia
733 2733 956 2805 privata,
997 2733 1089 2786 sed
1132 2735 1422 2786 ambitione
1463 2740 1518 2786 et
1553 2751 1700 2786 mera
1741 2734 2040 2787 dominandi

293 2931 334 2970 8.
395 2926 645 2984 Fourtkly3
678 2926 779 2970 The
813 2927 1074 2983 Legislator
1097 2927 1136 2969 is
1172 2930 1256 2969 not
1294 2926 1457 2970 bound
1495 2930 1545 2969 to
1579 2926 1827 2969 command
1857 2926 1920 2969 all
1954 2927 2037 2972 the

199 2996 325 3053 right
356 3001 453 3041 acts
473 2998 566 3040 and
589 3005 640 3041 to
659 2996 867 3054 prohibit
892 2997 951 3039 all
988 2996 1069 3040 the
1093 3010 1252 3053 wrong
1276 2996 1426 3039 which
1460 2996 1521 3039 he
1556 3010 1658 3039 can.
1718 2997 1765 3039 It
1789 2997 1827 3039 is
1852 2998 2039 3054 enough

200 3067 243 3110 if
256 3067 317 3110 he
338 3067 443 3111 deal
466 3067 579 3111 with
598 3067 680 3111 the
699 3080 865 3124 graver
895 3066 950 3109 of
974 3066 1091 3109 each
1114 3067 1240 3109 kind.
1301 3067 1388 3108 ‘We
1417 3066 1477 3108 do
1499 3070 1583 3109 not
1607 3066 1698 3109 live
1722 3067 1772 3108 in
1793 3080 1854 3108 an
1872 3067 2037 3124 imagi-

201 3150 319 3193 nary
341 3138 488 3188 State,
507 3138 600 3179 like
619 3136 794 3179 Plato's
813 3136 1059 3192 Republic.
1111 3137 1250 3179 Some
1271 3136 1360 3178 evil
1381 3135 1537 3192 things
1559 3140 1684 3179 must
1702 3136 1762 3179 be
1782 3136 2044 3190 tolerated3

202 3220 330 3250 some
349 3206 471 3262 good
495 3206 651 3262 things
671 3210 796 3249 must
815 3206 876 3248 be
899 3205 986 3248 left
1008 3218 1158 3262 open3
1189 3209 1311 3248 most
1341 3204 1498 3262 things
1531 3206 1586 3248 of
1607 3206 1724 3249 both
1756 3205 1892 3250 kinds
1913 3213 2041 3252 must

199 3276 261 3320 be
280 3276 448 3333 passed
471 3276 535 3333 by
558 3275 908 3325 unmentioned,
929 3275 1005 3318 for
1022 3276 1124 3319 sear
1144 3276 1198 3319 of
1212 3276 1449 3332 incurring
1469 3289 1615 3319 worse
1636 3276 1760 3319 evils.

291 3352 334 3391 9.
395 3345 496 3389 The
532 3347 689 3389 Tuum
715 3346 881 3389 DOUBT
913 3346 965 3396 is,
995 3346 1113 3388 How
1137 3345 1211 3388 far
1244 3360 1273 3389 a
1303 3345 1430 3402 right
1464 3347 1706 3389 Intention
1730 3346 1780 3388 in
1799 3345 1881 3389 the
1906 3348 2039 3391 Law-

201 3417 330 3473 giver
364 3416 402 3459 is
437 3416 658 3473 requisite
690 3420 739 3460 to
774 3416 912 3459 make
943 3415 1026 3460 the
1059 3416 1172 3458 Law
1203 3416 1489 3472 obligatory:
1522 3416 1598 3460 for
1627 3417 1852 3468 instance,
1885 3418 1928 3461 if
1959 3419 2041 3463 the

202 3488 373 3530 Prince
397 3487 534 3530 make
568 3487 678 3530 laws
714 3486 826 3529 with
860 3499 922 3529 no
947 3486 1116 3542 regard
1147 3490 1198 3529 to
1226 3486 1409 3542 justice,
1440 3486 1527 3529 but
1558 3486 1763 3543 through
1798 3486 1967 3532 hatred
1987 3503 2042 3533 or

203 3558 385 3615 private
408 3556 588 3609 favour,
607 3557 846 3609 ambition,
871 3556 1066 3608 avarice‚
1092 3569 1146 3599 or
1164 3556 1247 3600 the
1276 3556 1371 3600 like
1389 3572 1403 3608 3
1434 3570 1514 3600 are
1546 3556 1629 3601 the
1654 3558 1857 3614 subJects
1880 3559 2042 3603 bound

203 3632 254 3671 to
275 3627 427 3684 obey?

293 3698 381 3741 We
411 3710 603 3750 answer,
634 3697 791 3743 First:
830 3697 962 3757 They
987 3711 1081 3751 are,
1113 3697 1156 3741 if
1182 3697 1316 3742 there
1346 3697 1406 3742 be
1440 3711 1501 3741 no
1534 3697 1670 3742 other
1706 3698 2040 3756 impediment:

1688 3788 1872 3839 18-2
