2482 4166
776 329 1159 374 PRAELEOTIO
1203 330 1470 376 OCTAVA.
1936 328 2035 378 241

204 460 411 532 poterit,
452 477 568 513 eum
613 458 834 529 idipsum
880 457 1013 512 velle
1049 463 1109 511 ut
1147 460 1208 511 in
1248 460 1557 528 capacitate
1603 478 1707 512 sua
1757 462 1994 516 Politica
2015 485 2036 525 ;

203 544 300 595 hoc
345 549 439 604 est,
498 547 749 612 quatenus
803 542 1066 610 Princeps
1115 546 1208 602 est,
1258 547 1312 593 et
1351 546 1505 610 caput
1550 540 1940 605 communitatiS,
1982 552 2037 597 et

203 631 260 678 ut
293 642 585 694 personam
617 624 903 693 publicam
944 621 1162 675 sustinet
1204 641 1319 674 cum
1362 623 1707 692 Leyislativa
1749 634 2033 693 potestate.

205 706 358 769 Quod
403 724 560 776 quum
606 722 676 758 ex
723 704 937 776 simplici
986 706 1282 758 voluntatis
1323 723 1429 758 suae
1479 703 1847 776 significatione
1911 707 2035 759 satis

202 794 437 841 constare
480 805 584 840 non
625 793 811 858 potest,
858 805 985 858 opus
1029 794 1108 840 est
1164 794 1223 840 ut
1268 787 1441 858 aliqua
1496 786 1662 859 magis
1718 787 1924 858 publica
1981 796 2035 842 et

201 872 405 924 solenni
447 872 745 923 ceremonia
780 869 840 922 iis
884 888 1103 940 quorum
1139 870 1195 922 id
1229 869 1358 922 scire
1397 869 1615 922 interest
1653 876 1900 923 testatum
1943 871 2033 925 sit:

201 952 381 1022 nequis
415 952 575 1023 possit
613 952 917 1005 excusandae
960 970 1067 1004 suae
1109 953 1497 1015 inobedientiae,
1538 950 1776 1023 putidum
1814 952 1940 1007 illud
1984 960 2038 1007 et

202 1035 434 1106 vulgare,
464 1035 593 1087 Non
611 1045 897 1104 putaram,
929 1034 1227 1087 obtendere.

324 1117 390 1170 V.
477 1115 607 1168 Dico
667 1118 838 1180 tertio,
896 1116 951 1169 in
1003 1116 1336 1187 amplioribus
1391 1116 1634 1188 imperiis,
1685 1135 1800 1187 quae
1849 1117 2037 1172 multas

202 1197 463 1252 continent
493 1200 828 1268 provinciae,
859 1199 985 1252 utile
1024 1200 1206 1252 saltem
1246 1217 1356 1251 esse
1395 1206 1454 1252 ut
1484 1201 1857 1270 promulyatio
1883 1220 2034 1254 novae

201 1280 330 1353 legis
371 1281 462 1334 fiat
511 1281 565 1333 in
610 1281 824 1353 singulis
867 1281 1068 1352 imperii
1109 1283 1428 1351 provinciis.
1519 1282 1653 1335 Sunt
1700 1282 1884 1352 quibus
1937 1284 2036 1335 hoc

204 1363 411 1416 videtur
460 1362 757 1433 simpliciter
802 1364 1160 1427 necessarium,
1208 1370 1262 1417 et
1305 1362 1500 1433 requiri
1546 1382 1611 1416 ex
1655 1371 1845 1417 natura
1887 1367 2033 1435 Ze9ri3‚

203 1463 320 1515 quae
351 1464 453 1498 non
483 1445 677 1517 obligat
705 1445 802 1498 nisi
839 1464 871 1499 a
900 1448 1103 1516 populo
1144 1452 1472 1516 acceptetur:
1513 1453 1567 1499 et
1611 1446 1829 1517 proinde
1866 1447 1909 1499 si
1955 1449 2037 1501 lex

202 1526 256 1579 in
286 1530 444 1581 curia
472 1527 740 1597 Principis,
784 1535 874 1581 aut
903 1528 1060 1581 totius
1089 1527 1262 1599 Regni
1293 1530 1602 1598 Metropoli,
1648 1534 1740 1581 aut
1778 1528 2037 1598 primariis

202 1609 398 1680 aliquot
425 1611 741 1663 civitatibus
769 1609 932 1662 solum
967 1609 1342 1681 promulgetur,
1384 1627 1487 1661 non
1522 1610 1751 1663 sufficere
1789 1609 2040 1680 ejusmodi

193 1693 683 1761 promulyationem
721 1691 788 1743 ad
829 1690 1162 1763 obligandum
1192 1709 1293 1753 eOS,
1327 1690 1415 1761 qui
1445 1691 1499 1743 in
1526 1691 1649 1744 locis
1679 1699 1732 1744 et
1760 1692 2038 1762 provinciis

203 1773 562 1826 remotioribus
601 1773 812 1844 degunt.
895 1773 999 1826 Sed
1038 1779 1156 1826 utut
1180 1791 1283 1825 non
1314 1772 1381 1826 sit
1408 1773 1506 1826 hoc
1535 1773 1832 1845 simpliciter
1865 1793 2040 1828 neces-

203 1855 411 1918 sarium,
465 1856 580 1923 (nec
619 1855 827 1908 videtur
867 1854 1001 1908 enim
1044 1862 1232 1909 natura
1274 1858 1404 1925 Zeyis
1447 1856 1501 1908 id
1546 1856 1830 1927 requirere,
1877 1864 1930 1911 et
1976 1876 2042 1911 ex

203 1937 370 1991 altera
398 1945 547 2008 parte
577 1944 681 1991 stat
706 1956 819 1990 cum
857 1940 1150 1991 communis
1192 1940 1374 2008 opinio
1416 1940 1716 2001 Doctorum,
1762 1946 1872 1992 tum
1902 1959 2039 1993 com-

203 2022 380 2073 munis
396 2020 759 2090 plerarumque
782 2020 1013 2091 gentium
1034 2022 1256 2090 praxis)
1286 2021 1412 2073 utile
1441 2027 1615 2073 tamen
1642 2027 1720 2074 est
1747 2020 1802 2074 id
1831 2021 1958 2085 fieri,
1978 2028 2039 2075 ut

203 2104 335 2165 Lex,
377 2120 480 2172 qua
507 2104 712 2171 sinyuli
743 2109 1001 2165 tenentur,
1033 2103 1100 2154 ad
1128 2104 1478 2171 sinyulorum,
1510 2103 1681 2172 quoad
1712 2103 1825 2156 fieri
1849 2111 2035 2174 potest,

203 2183 436 2237 notitiam
464 2184 750 2254 perveniat.
799 2184 951 2247 Quod
991 2190 1182 2253 quanto
1211 2184 1409 2237 facilius
1443 2192 1619 2238 nostro
1658 2186 1844 2248 secu10,
1884 2205 2039 2256 quam

203 2265 461 2336 prioribus
505 2265 604 2317 illis
648 2266 893 2332 (nondum
935 2266 1216 2319 adinventa
1266 2278 1385 2320 arte
1442 2270 1858 2337 typoyraphica)
1906 2287 2040 2339 prae-

205 2347 333 2400 stari
360 2354 545 2418 potest,
577 2354 722 2401 tanto
752 2347 1144 2401 inexcusabilius
1173 2348 1471 2420 negligitur.
1530 2351 1614 2402 Ne
1642 2349 1796 2422 longe
1823 2351 2034 2413 abeam;

204 2448 320 2499 quae
354 2437 433 2483 est
474 2430 613 2500 apud
655 2448 749 2482 nos
792 2449 888 2482 usu
935 2437 1161 2501 recepta,
1208 2449 1311 2483 non
1351 2431 1502 2483 modo
1542 2431 1808 2495 sufficienS,
1853 2433 1945 2486 sed
1986 2440 2040 2487 et

202 2512 443 2565 facillima
492 2512 698 2565 videtur
740 2530 850 2565 esse
897 2513 1027 2582 Zeyis
1064 2514 1483 2583 promulyandoe
1532 2522 1585 2567 et
1632 2515 2040 2568 commodissima

204 2593 355 2646 simul
404 2593 568 2647 ratio:
616 2601 674 2647 ut
724 2593 914 2647 scilicet
966 2596 1099 2663 leyes
1155 2597 1216 2648 in
1270 2596 1517 2650 Comitiis
1568 2598 2040 2651 Parlamentariis

204 2675 362 2729 totius
399 2676 573 2748 Regni
613 2676 869 2730 Ordinum
906 2694 1154 2729 consensu
1193 2695 1226 2729 a
1272 2680 1416 2747 Reye
1458 2681 1699 2741 sancitoe,
1746 2679 1902 2732 finitis
1928 2679 2041 2750 jam

209 2760 461 2812 Comitiis
489 2777 608 2811 mox
637 2759 780 2829 typis
814 2759 1139 2821 mandentur,
1174 2759 1330 2829 idque
1359 2777 1392 2812 a
1422 2762 1757 2831 typogyrapho
1787 2764 1959 2831 Recio
1989 2768 2043 2815 et

203 2851 325 2893 noto
355 2843 680 2903 charactere,
712 2841 786 2893 ita
804 2847 874 2893 'ut
901 2859 1051 2893 nemo
1088 2841 1249 2912 possit
1285 2860 1396 2894 esse
1436 2842 1637 2907 dubius,
1675 2843 1818 2915 leges
1862 2862 1949 2897 eas
1988 2851 2043 2897 et

202 2922 429 2994 legitime
461 2925 606 2976 latas
635 2941 759 2986 esse,
790 2929 843 2976 et
872 2923 1182 2977 sufficienter
1199 2926 1599 2994 promulyatas‘.

327 3006 424 3060 VI.
510 3006 742 3057 Donum
774 3023 1046 3058 TERTIUM.
1137 3006 1413 3076 Supposito
1445 3007 1583 3076 quod
1607 3007 1694 3060 lex
1722 3006 1881 3059 fuerit
1907 3007 2044 3059 suffi-

203 3086 398 3140 cienter
427 3090 800 3157 promulyata,
841 3090 1059 3156 quando
1092 3089 1329 3157 incipiat
1372 3090 1614 3157 obliyare
1656 3088 1920 3141 subditos:
1974 3107 2042 3142 an

297 3279 340 3317 5.
407 3274 622 3332 Thirdly:
656 3276 702 3319 It
726 3277 764 3320 is
796 3277 1025 3322 desirable
1055 3278 1161 3321 that
1185 3278 1267 3322 the
1297 3279 1406 3321 Law
1439 3275 1609 3321 should
1628 3275 1688 3319 be
1712 3276 2041 3333 promulgated

205 3345 255 3387 in
274 3344 356 3388 the
374 3345 617 3401 provinces
639 3346 692 3388 of
711 3347 793 3391 the
813 3349 1005 3405 empire,
1026 3362 1076 3392 as
1097 3348 1201 3392 well
1225 3362 1274 3392 as
1300 3349 1350 3391 in
1374 3347 1457 3391 the
1482 3346 1770 3403 metropolis.
1831 3347 1927 3390 But
1946 3347 2040 3391 this

205 3416 243 3459 is
268 3419 353 3458 not
376 3414 488 3458 held
511 3429 755 3475 necessary
783 3418 847 3476 by
879 3420 1064 3471 Jurists,
1087 3433 1176 3463 nor
1199 3419 1262 3477 by
1292 3418 1374 3463 the
1399 3418 1604 3476 practice
1646 3416 1700 3460 of
1731 3417 1931 3462 nations.
1992 3418 2040 3462 It

205 3500 313 3542 may
333 3486 477 3543 easily
496 3486 556 3529 be
583 3486 704 3531 done
729 3502 833 3532 now
852 3489 916 3547 by
935 3490 1158 3547 printing.

300 3557 399 3600 Our
432 3557 627 3613 English
662 3559 802 3603 mode
835 3560 889 3604 of
909 3560 1313 3617 promulgationis
1340 3559 1582 3611 sufficient,
1606 3558 1700 3601 and
1721 3572 1844 3616 easy.
1907 3559 2042 3604 Laws

205 3627 378 3684 agreed
417 3641 545 3684 upon
580 3629 630 3671 in
661 3630 966 3683 Parliament,
1005 3631 1099 3674 and
1138 3631 1310 3687 having
1347 3629 1564 3673 received
1600 3629 1734 3674 there
1772 3630 1854 3674 the
1891 3631 2044 3688 Royal

204 3698 388 3750 Assent,
410 3712 503 3750 are,
528 3703 577 3743 at
606 3698 688 3744 the
713 3702 805 3745 end
837 3702 892 3746 of
911 3702 993 3746 the
1021 3703 1223 3754 Session,
1253 3701 1443 3759 printed
1462 3700 1526 3758 by
1546 3700 1627 3744 the
1654 3700 1815 3758 King's
1835 3701 2044 3758 printer3

200 3782 256 3813 so
283 3769 386 3813 that
401 3783 463 3814 no
485 3783 574 3815 one
600 3785 688 3815 can
708 3772 857 3818 doubt
876 3773 980 3818 that
1005 3773 1119 3832 they
1139 3787 1220 3818 are
1241 3772 1354 3831 duly
1373 3771 1511 3816 made
1532 3772 1626 3815 and
1645 3772 1987 3831 promulgated.

376 3897 582 3975 [SAND]
1716 3864 1785 3914 16
