2482 4166
312 256 418 306 238
744 263 830 306 DE
872 262 1388 310 PROMULGATION
1389 266 1428 309 E
1469 266 1549 309 LE
1556 267 1711 312 GUM.

311 391 697 444 necessitatem:
737 409 840 443 non
878 390 1068 461 poterit
1105 393 1224 445 Lex
1266 392 1518 463 duplicem
1560 394 1693 447 hanc
1730 397 1840 448 vim
1879 395 2051 450 debite
2094 403 2147 451 et

311 491 427 526 cum
455 474 641 527 effectu
675 491 903 536 exerere,
938 473 1035 525 nisi
1071 480 1124 526 et
1159 473 1363 527 subdito
1396 474 1698 538 innotescat,
1729 495 1844 547 quae
1880 477 1946 531 sit
1986 481 2147 531 Prin-

313 558 453 625 cipis
494 558 756 618 voluntas,
802 555 940 625 quod
981 555 1040 608 fit
1081 557 1530 625 Promulyatione
1546 578 1566 619 ;
1610 565 1663 611 et
1697 558 1953 633 intelligat
1992 560 2147 614 etiam

312 655 377 690 ex
396 638 640 708 ,apposita
659 656 840 707 poena,
872 643 1121 707 quantum
1149 655 1242 689 sua
1268 637 1431 690 refert
1458 657 1572 691 eam
1600 648 1867 710 praestare.

437 721 510 772 II.
599 721 682 772 De
720 720 1156 788 Promulyatione
1193 718 1365 789 Legis,
1411 737 1629 773 DUBIUM
1667 739 1887 775 PmMUM
1928 729 2021 786 est,
2066 726 2148 776 An

315 802 687 871 Promulyatio
715 803 789 855 sit
815 803 881 853 de
918 802 1128 852 ratione
1155 801 1358 869 Le9i8;
1402 802 1540 871 quod
1568 809 1647 855 est
1682 820 1931 872 quaerere,
1970 805 2054 856 An
2079 805 2148 858 ad

311 882 408 936 hoc
443 893 502 937 ut
544 885 626 937 lew
653 883 844 935 habeat
880 881 984 934 vim
1017 883 1295 949 diriyendz·
1331 888 1385 935 et
1412 884 1706 952 obliyandi,
1751 885 1826 938 ita
1862 886 2147 938 necessario

311 964 607 1034 requiratur
637 964 747 1034 ejus
777 963 1169 1031 PromulyatiO,
1200 969 1260 1015 ut
1289 981 1351 1016 ea
1392 963 1445 1017 vi
1484 972 1658 1018 careat
1694 965 1790 1018 nisi
1821 967 2150 1039 promulgata

311 1045 424 1098 sit?
483 1047 976 1114 Promulyationem
1013 1050 1186 1096 autem
1219 1044 1273 1096 in
1310 1051 1421 1098 tota
1457 1046 1554 1099 hac
1588 1048 1894 1102 tractatione
1930 1068 2033 1103 non
2071 1049 2147 1102 in-

310 1127 503 1198 tellig0‚
551 1128 720 1196 quoad
769 1144 917 1178 usum
960 1125 1071 1195 ejus
1116 1126 1350 1180 vocabuli
1390 1129 1530 1198 apud
1580 1132 1879 1184 Ciceronem
1921 1138 1975 1184 et
2021 1131 2146 1184 alios

309 1211 582 1262 Romanos
637 1210 938 1278 scriptore&
991 1207 1082 1260 sed
1123 1206 1278 1277 juxta
1333 1217 1597 1280 receptum
1653 1230 1849 1265 morem
1904 1212 2147 1283 loquendi

314 1293 766 1345 Scholasticorum
796 1298 849 1343 et
882 1291 1306 1343 Canonistarum
1330 1292 1670 1361 posteriorum
1694 1295 1992 1349 seculorum.
2049 1294 2146 1348 Illa

310 1373 445 1426 enim
502 1383 737 1426 veterum
774 1374 1223 1442 promulyatione,
1278 1374 1663 1444 proponebatur
1717 1376 1918 1446 publice
1973 1378 2146 1431 tribus

309 1457 569 1509 nundinis
598 1456 682 1508 lex
711 1456 880 1508 adhuc
907 1454 1137 1516 ferenda,
1169 1461 1228 1507 ut
1255 1456 1444 1526 populo
1475 1458 1814 1527 probaretur:
1853 1466 1912 1513 ut
1939 1460 2051 1512 haec
2079 1460 2145 1512 de

310 1555 413 1607 qua
437 1556 571 1590 nunc
599 1537 851 1607 loquimur
870 1539 1242 1607 promulyatio
1268 1545 1346 1591 est
1370 1538 1481 1608 ipsa
1498 1541 1807 1608 publicatio
1840 1545 2005 1612 Leyis
2021 1544 2144 1610 jam

313 1621 454 1682 Zatoe,
497 1626 556 1672 ut
587 1620 775 1690 populo
815 1619 1112 1671 innotescat.
1191 1619 1275 1671 Ad
1308 1620 1516 1673 dubium
1552 1639 1676 1693 ergo
1711 1625 2027 1694 propositum
2063 1644 2144 1678 re-

310 1702 537 1772 spondeo
565 1700 810 1763 breviter,
854 1702 1347 1769 Promulyatz'onem
1384 1701 1459 1755 ita
1495 1721 1605 1756 esse
1634 1704 1699 1756 de
1734 1706 1934 1758 ratione
1962 1708 2141 1777 LeyiS,

309 1791 369 1837 ut
397 1783 567 1853 aliquo
589 1783 740 1836 modo
762 1782 860 1836 dici
882 1782 1041 1854 possit
1069 1781 1178 1852 ejus
1206 1786 1427 1847 Forma,
1458 1785 1689 1855 adeoque
1711 1787 1851 1856 apud
1872 1788 2143 1861 plerosque

308 1873 544 1919 auctores
577 1864 903 1937 ingrediatur
939 1864 1048 1934 ejus
1085 1864 1463 1920 definitionem:
1507 1873 1560 1919 et
1592 1867 1809 1937 proinde
1846 1869 2144 1940 simpliciter

310 1965 422 2001 esse
449 1945 790 2000 necessariam
817 1947 885 1999 ad
904 1946 1018 2008 hoc,
1049 1952 1107 1999 ut
1132 1948 1250 2000 Lex
1275 1954 1513 2001 exerceat
1541 1951 1767 2018 officium
1794 1953 1974 2020 Le9i8,
2006 1955 2144 2024 quod

309 2036 403 2092 est,
448 2031 682 2099 diriyere
716 2035 770 2082 et
812 2030 1050 2098 obliyare
1088 2029 1348 2091 subditos;
1393 2047 1519 2099 quos
1558 2048 1624 2082 ne
1666 2033 1901 2102 diriyere
1938 2035 2144 2104 quidem

308 2119 497 2184 potest,
526 2111 685 2165 multo
722 2117 895 2164 autem
924 2109 1090 2163 minus
1126 2112 1380 2180 obliyare,
1425 2119 1872 2184 quantumcunque
1900 2115 1966 2168 sit
2001 2116 2144 2186 justa

309 2202 363 2248 et
392 2194 585 2265 optima
613 2192 920 2247 auctoritate
948 2192 1069 2255 lata,
1104 2191 1201 2245 nisi
1226 2192 1292 2245 sit
1320 2192 1419 2245 illis
1457 2196 1688 2264 coynita,
1720 2203 1773 2248 et
1802 2197 2007 2268 cognita
2033 2217 2144 2253 esse

308 2295 412 2328 non
440 2283 610 2347 potest
639 2275 734 2329 nisi
754 2276 1143 2345 promulyetur.
1212 2274 1353 2327 Illud
1382 2275 1517 2327 enim
1546 2277 1683 2345 quod
1712 2279 1921 2349 proprie
1949 2279 2144 2335 inducit

308 2358 688 2430 obligationem,
720 2365 798 2412 est
820 2359 1096 2412 avolumas
1124 2363 1177 2409 et
1205 2356 1482 2410 auctoritas
1510 2358 1833 2428 praesidentis
1859 2360 1965 2414 sive
1984 2365 2143 2432 prin-

308 2443 462 2511 cipis,
505 2459 608 2494 non
652 2448 710 2494 ut
754 2447 832 2493 est
866 2458 1102 2510 persona
1143 2441 1458 2509 sinyulariS,
1504 2441 1595 2493 sed
1632 2447 1884 2512 quatenus
1926 2444 2144 2498 sustinet

297 2541 590 2592 personam
623 2525 901 2593 publicam
944 2529 998 2574 et
1043 2527 1122 2573 est
1168 2528 1322 2591 caput
1367 2522 1753 2576 communitatis.
1842 2524 2004 2594 Atqui
2044 2526 2142 2580 nisi

307 2623 452 2656 suam
488 2605 627 2656 illam
665 2604 980 2657 voluntatem
1008 2602 1211 2673 publica
1244 2602 1417 2672 aliqua
1453 2603 1655 2657 ratione
1692 2606 1880 2676 populo
1909 2607 2142 2679 patefieri

309 2692 363 2738 et
390 2685 609 2756 proponi
637 2685 911 2747 curaverit,
954 2702 1057 2736 non
1085 2683 1277 2754 poterit
1306 2684 1371 2736 de
1407 2684 1579 2754 aliqua
1606 2688 1749 2756 Leye
1777 2687 1930 2758 (juris
1958 2689 2141 2743 saltem

913 2871 929 2890 ²²
956 2864 1093 2913 [Conf.
1116 2864 1231 2902 Prael.
1250 2875 1328 2902 v11.
1350 2865 1453 2903 Sect.
1474 2865 1536 2914 8.]

400 2985 442 3023 2.
508 2977 608 3022 The
640 2978 780 3022 Fnzsr
811 2978 979 3021 DOUBT
1006 2978 1287 3035 concerning
1317 2978 1398 3022 the
1422 2977 1777 3035 Promulgation
1802 2979 1857 3023 of
1883 2993 1911 3022 a
1939 2980 2062 3033 Law,
2097 2981 2135 3025 is

311 3049 537 3094 Whether
556 3049 911 3106 Promulgation
933 3049 994 3093 be
1015 3063 1076 3092 an
1103 3049 1319 3093 essential
1343 3053 1450 3106 part
1475 3049 1529 3093 of
1544 3063 1572 3092 a
1590 3049 1715 3093 Law.

400 3121 487 3164 We
524 3120 584 3163 do
620 3124 705 3163 not
732 3119 845 3164 here
880 3120 1168 3164 understand
1195 3120 1545 3177 Promulyation
1579 3133 1629 3163 as
1659 3120 1710 3163 in
1741 3119 1901 3163 Cicero
1936 3120 2029 3164 and
2055 3120 2136 3165 the

307 3192 491 3235 Roman
521 3192 714 3243 writers,
738 3190 891 3235 where
921 3192 959 3235 it
984 3204 1142 3235 means
1173 3191 1255 3235 the
1284 3190 1575 3248 publication
1610 3190 1667 3234 of
1697 3204 1726 3234 a
1761 3191 1992 3248 proposed
2027 3192 2138 3235 Law

308 3264 452 3319 before
476 3263 513 3305 it
538 3276 628 3306 was
654 3262 791 3306 made
816 3276 845 3306 a
867 3263 1007 3316 Law;
1037 3263 1122 3307 but
1147 3263 1196 3305 in
1227 3261 1308 3306 the
1336 3262 1455 3306 later
1480 3274 1628 3315 sense,
1661 3261 1716 3305 of
1738 3261 1820 3305 the
1851 3262 2138 3321 publication

307 3333 361 3376 of
379 3348 408 3376 a
431 3334 542 3376 Law
562 3333 751 3390 already
771 3333 922 3377 made.

398 3405 466 3447 To
492 3404 573 3448 the
598 3404 774 3456 Doubt,
794 3419 862 3448 we
887 3404 1034 3462 reply,
1058 3403 1163 3447 that
1188 3404 1542 3461 Promulgation
1566 3404 1604 3447 is
1630 3417 1689 3446 an
1715 3403 1933 3447 essential
1957 3407 2063 3461 part
2087 3403 2142 3447 of

307 3487 336 3517 a
355 3475 491 3527 Law;
522 3476 560 3518 it
581 3489 689 3533 may
708 3475 768 3519 be
794 3475 944 3519 called
963 3475 1045 3520 the
1065 3476 1207 3518 Form
1229 3475 1284 3519 of
1303 3474 1384 3519 the
1410 3475 1534 3527 Law,
1560 3474 1653 3517 and
1673 3474 1711 3518 is
1731 3474 1794 3531 by
1814 3487 1942 3518 some
1960 3474 2137 3518 writers

306 3545 443 3588 made
465 3550 572 3602 part
593 3546 647 3589 of
666 3545 747 3589 the
768 3546 1011 3590 definition
1034 3546 1088 3589 of
1102 3546 1227 3590 Law.
1292 3546 1338 3589 It
1357 3546 1395 3590 is
1421 3558 1679 3602 necessary,
1699 3545 1748 3586 in
1769 3545 1907 3588 order
1930 3544 2035 3588 that
2054 3544 2136 3588 the

310 3614 421 3657 Law
444 3630 552 3673 may
577 3616 819 3673 discharge
852 3617 912 3661 its
950 3617 1080 3660 office
1113 3617 1167 3659 of
1198 3616 1427 3673 directing
1458 3616 1553 3658 and
1583 3615 1789 3671 obliging
1820 3615 1902 3659 the
1938 3615 2131 3671 subject.

307 3683 357 3727 It
381 3691 551 3730 cannot
577 3687 738 3739 direct,
758 3687 899 3730 much
919 3688 1008 3732 less
1035 3687 1203 3744 oblige,
1226 3687 1270 3729 if
1288 3687 1326 3730 it
1345 3687 1405 3731 be
1430 3690 1513 3730 not
1538 3686 1734 3737 known;
1764 3685 1858 3729 and
1883 3689 2052 3729 cannot
2075 3685 2135 3728 be

305 3753 490 3808 known,
505 3756 548 3798 if
563 3761 646 3800 not
667 3758 1006 3814 promulgated.
1047 3758 1189 3801 What
1203 3758 1403 3816 imposes
1421 3771 1483 3800 an
1501 3756 1767 3813 Obligation
1784 3757 1836 3809 is,
1858 3755 1939 3800 the
1954 3754 2065 3798 Will
2083 3753 2139 3797 of
