2482 4166
431 256 538 307 242
861 262 947 307 DE
989 262 1549 310 PROMULGATIONE
1590 266 1832 311 LEGUM.

432 390 608 445 statim
645 397 763 462 post
796 393 1289 462 promulyationem
1328 392 1516 446 factam
1535 393 1565 447 P
1622 394 1706 447 An
1749 399 1867 464 post
1907 392 2113 463 aliquod
2142 400 2271 446 tem-

434 474 574 546 poris
601 474 928 527 intervallum
946 475 975 526 ?
1026 476 1130 527 Pro
1161 475 1491 545 responsione
1522 475 1632 528 dico
1653 479 1853 546 primo,
1884 476 2021 545 quod
2051 482 2104 528 et
2122 482 2271 528 extra
2296 487 2319 528 1

437 556 840 609 controversiam
883 563 976 618 est,
1021 558 1153 626 ἱερᾶς·
1190 557 1319 617 illas,
1356 558 1410 609 in
1448 558 1632 627 quibus
1670 558 1935 611 definitum
1966 564 2044 610 est
2073 565 2271 610 certum

441 649 644 709 tempus
694 640 1054 707 obliyatiom'S,
1109 638 1487 708 quamprimum
1542 639 1671 691 illud
1725 647 1928 709 tempus
1983 638 2270 701 advenerit,

437 724 629 774 statim
657 722 897 789 obliyare
924 720 1166 789 incipere,
1198 727 1251 771 et
1280 719 1511 790 obligare
1540 720 1782 790 deinceps
1809 721 1862 772 in
1891 739 2040 773 omne
2068 727 2271 790 tempus

438 802 685 865 futurum,
717 803 815 853 nisi
843 809 934 853 aut
965 803 1223 853 terminus
1246 802 1592 869 obliyationis
1619 801 1741 870 ipsis
1766 801 1865 853 illis
1901 802 2102 872 legibus
2149 802 2272 854 defi-

436 884 627 946 niatur,
656 891 747 936 aut
774 884 899 953 ipsae
928 883 1070 953 leges
1099 882 1183 935 vel
1210 900 1345 934 nova
1373 884 1479 951 leye
1508 883 1591 935 vel
1620 883 1878 935 contraria
1899 885 2274 936 consuetudine

438 967 771 1036 abrogentur.
860 965 1015 1016 Unde
1058 982 1124 1016 ex
1167 964 1419 1016 communi
1454 964 1588 1035 juris
1630 965 1792 1018 civilis
1835 965 2089 1017 sententia
2141 967 2274 1034 loyes

437 1048 815 1116 Imperatorio&
844 1046 909 1098 de
938 1064 1071 1099 novo
1100 1046 1390 1099 constitutae
1419 1066 1521 1098 non
1544 1047 1773 1118 obligant
1795 1047 2003 1117 Imperii
2026 1046 2270 1109 subditos,

437 1128 535 1179 nisi
564 1135 680 1197 post
708 1131 842 1180 duos
871 1147 1070 1181 menses
1097 1146 1129 1180 a
1154 1129 1566 1200 promulgatione
1604 1129 1741 1182 facta
1764 1149 1777 1182 t
1818 1129 1939 1199 quia
1977 1129 2033 1181 id
2070 1136 2274 1198 tempus

435 1211 766 1263 Authentica
795 1212 1036 1279 quadam
1064 1213 1125 1262 in
1152 1212 1413 1273 Novellis,
1444 1218 1503 1263 ut
1531 1211 1584 1263 in
1614 1212 1846 1263 omnibus
1874 1210 2074 1282 legibus
2102 1211 2275 1262 obser-

435 1292 678 1354 vandum,
718 1292 1079 1345 universaliter
1123 1293 1389 1345 definitum
1430 1300 1523 1355 est,
1566 1293 1722 1363 idque
1766 1312 1826 1346 eo
1866 1292 2089 1354 consiliO,
2135 1292 2274 1361 quod

438 1375 768 1444 praesumitur
803 1374 1040 1427 facillime
1080 1392 1229 1445 posse
1267 1377 1497 1428 duorum
1542 1378 1800 1428 mensium
1836 1375 2002 1445 spatio
2040 1374 2273 1427 notitiam

436 1456 566 1527 legis
608 1457 677 1508 ad
717 1475 891 1509 omnes
928 1456 1158 1509 subditos
1191 1457 1479 1526 pervenire.
1567 1457 1696 1509 Dico
1739 1460 1981 1519 secundo,
2018 1456 2071 1509 in
2099 1456 2324 1527 regnis2

440 1545 494 1590 et
523 1538 932 1607 RebuspubliciS,
964 1539 1051 1590 ubi
1080 1539 1207 1590 nihil
1236 1539 1364 1591 certi
1394 1540 1458 1592 de
1490 1551 1718 1608 tempore
1747 1557 1847 1609 quo
1875 1540 2017 1610 leges
2047 1538 2111 1590 de
2140 1556 2272 1591 novo

438 1620 559 1672 latae
604 1620 850 1690 incipiant
896 1619 1126 1691 obligare
1172 1627 1263 1672 aut
1295 1622 1424 1689 jure
1474 1621 1740 1674 definitum
1777 1628 1869 1684 est,
1909 1628 2001 1674 aut
2037 1622 2275 1673 moribus

437 1709 720 1772 receptum,
755 1704 888 1770 Zeqes
916 1702 969 1752 in
999 1701 1183 1771 quibus
1211 1720 1314 1753 non
1342 1703 1621 1772 apponitur
1665 1710 1862 1756 certum
1903 1710 2106 1772 tempus
2149 1701 2274 1753 obli-

438 1784 674 1855 gationis,
713 1784 945 1854 obligare
983 1783 1036 1835 in
1075 1783 1395 1847 conscientia,
1440 1785 1815 1855 quamprimum
1856 1791 1976 1836 sunt
2017 1802 2113 1853 pro
2157 1801 2274 1835 con-

438 1872 584 1918 sueto
613 1865 840 1937 regionis
869 1883 1012 1917 more
1030 1867 1411 1936 promulyatoe,
1444 1885 1618 1919 omnes
1646 1866 1758 1919 illos
1786 1866 1853 1919 ad
1889 1884 2106 1936 quorum
2142 1864 2274 1917 noti-

435 1946 560 1999 tiam
588 1946 939 2018 pervenerint,
970 1954 1061 1999 aut
1087 1947 1271 2016 quibus
1291 1965 1386 2017 per
1418 1950 1773 2017 leyislatorem
1800 1966 1902 1999 non
1923 1947 2139 2009 steterit,
2172 1965 2272 2016 quo

436 2029 604 2081 minus
632 2028 952 2081 innotescere
981 2028 1258 2098 potuerint.
1348 2030 1519 2091 Quum
1563 2030 1698 2081 enim
1741 2031 1999 2096 obliyatio
2044 2031 2174 2097 leyis
2208 2046 2274 2080 ex

437 2111 705 2164 voluntate
737 2112 1063 2179 Zeyislatoris
1080 2110 1319 2181 pendeat,
1342 2129 1445 2162 non
1468 2129 1532 2163 ex
1551 2110 1763 2164 scientia
1779 2112 2014 2164 subditi.-
2044 2109 2274 2179 sequitur

437 2193 618 2264 vigere
649 2195 1027 2262 obliyationem
1059 2194 1203 2262 ἱεράς,
1233 2193 1437 2262 quando
1467 2193 1731 2264 legislator
1772 2193 2090 2246 voluntatem
2130 2210 2275 2244 suam

437 2277 671 2328 subditis
712 2286 924 2328 externo
958 2277 1110 2343 siquo
1144 2275 1452 2327 sufficienter
1486 2274 1813 2345 expresserit,
1842 2274 1951 2327 sive
1978 2274 2033 2326 id
2062 2273 2274 2344 singulis

438 2359 672 2410 subditis
701 2357 962 2428 cognitum
991 2357 1163 2418 fuerit,
1195 2356 1304 2410 sive
1327 2357 1602 2428 contigerit
1626 2364 1685 2409 ut
1712 2356 1871 2426 aliqui
1891 2356 2027 2408 forte
2052 2355 2273 2424 idipsum

436 2438 691 2509 ignorent.
738 2439 913 2491 Posita
930 2438 1181 2508 siquidem
1207 2440 1327 2508 leye,
1347 2439 1556 2509 ponitur
1575 2440 1833 2507 obliyatio
1851 2458 1871 2499 ,·
1903 2456 2017 2508 quae
2039 2436 2275 2490 convenit

437 2520 542 2590 legi
567 2528 819 2589 quatenus
847 2521 932 2573 lex
962 2527 1054 2582 est,
1086 2527 1139 2573 et
1178 2539 1290 2573 eam
1333 2521 1618 2573 necessario
1653 2520 1898 2590 sequitur,
1941 2519 2072 2572 sicut
2113 2517 2274 2570 omnis

437 2602 753 2653 necessarius
776 2606 986 2670 effectus
1012 2602 1245 2670 sequitur
1274 2603 1536 2672 propriam
1564 2621 1707 2655 suam
1734 2621 1971 2663 causam,
1995 2607 2054 2653 ut
2074 2618 2106 2653 a
2127 2599 2274 2652 nobis

438 2700 576 2753 saepe
604 2689 725 2735 ante
756 2683 947 2735 dictum
976 2690 1071 2736 est.
1136 2685 1281 2755 Ergo
1308 2702 1463 2753 quum
1495 2686 1613 2753 leyi,
1637 2683 2012 2755 quamprimum
2044 2683 2274 2752 leyitime

526 2877 568 2917 6.
625 2874 782 2917 THIRD
803 2873 998 2917 Donm:
1027 2874 1129 2918 The
1149 2875 1259 2917 Law
1273 2875 1415 2933 being
1434 2875 1773 2933 promulgated,
1786 2874 1921 2918 when
1943 2874 2053 2918 does
2074 2874 2112 2917 it
2131 2873 2272 2931 begin

440 2949 490 2988 to
511 2944 665 3000 oblige
685 2944 766 2987 the
788 2944 997 3000 subject?

531 3016 684 3064 First3
719 3015 871 3058 Those
896 3017 1028 3059 Laws
1053 3015 1205 3059 which
1225 3016 1402 3073 specify
1427 3030 1455 3059 a
1474 3017 1588 3059 time
1614 3020 1663 3059 at
1693 3015 1845 3058 which
1873 3014 1985 3072 they
2013 3027 2144 3058 come
2169 3014 2269 3057 into

437 3087 594 3130 action
615 3086 768 3142 oblige
790 3086 913 3128 from
938 3086 1042 3129 that
1066 3087 1208 3138 time3
1241 3087 1334 3129 and
1358 3087 1578 3129 continue
1602 3091 1652 3129 to
1680 3086 1833 3142 oblige
1862 3086 1939 3127 for
1959 3099 2080 3135 ever,
2106 3088 2271 3141 except

437 3157 519 3201 the
539 3158 651 3200 time
684 3157 738 3200 of
763 3156 886 3199 their
916 3157 1172 3213 obligation
1196 3157 1235 3199 is
1262 3156 1447 3199 defined
1471 3156 1534 3213 by
1563 3155 1644 3199 the
1674 3158 1785 3199 Law
1810 3155 1948 3206 itself,
1975 3169 2028 3198 or
2053 3154 2166 3211 they
2191 3168 2271 3197 are

439 3228 693 3284 abrogated
713 3227 776 3284 by
800 3241 903 3270 new
932 3228 1078 3278 Laws,
1100 3241 1154 3270 or
1178 3228 1241 3284 by
1262 3233 1478 3284 contrary
1500 3233 1716 3270 customs.
1782 3225 1878 3280 [On
1898 3225 1990 3269 this
2015 3225 2104 3268 last
2125 3225 2271 3281 point,

440 3313 517 3343 see
548 3300 694 3342 Prael.
719 3311 801 3341 vn.
840 3298 963 3341 Sect.
994 3296 1087 3351 25].
1153 3298 1210 3341 In
1241 3298 1322 3341 the
1360 3297 1582 3354 Imperial
1612 3298 1798 3340 Roman
1834 3298 1944 3339 Law
1974 3296 2011 3338 it
2042 3309 2132 3339 was
2163 3308 2270 3351 pro-

438 3370 591 3421 vided,
615 3369 679 3426 by
703 3383 764 3411 an
789 3382 974 3425 express
1001 3369 1136 3419 Rule,
1161 3368 1265 3412 that
1296 3383 1397 3412 new
1421 3369 1553 3411 Laws
1580 3368 1660 3410 did
1691 3373 1774 3411 not
1800 3367 1953 3423 oblige
1983 3366 2064 3409 the
2090 3365 2270 3421 subJect

438 3440 512 3483 till
535 3445 627 3483 two
657 3439 844 3482 months
867 3439 990 3482 after
1013 3439 1137 3482 their
1171 3440 1545 3496 promulgation:
1585 3439 1635 3481 in
1658 3438 1808 3481 which
1838 3439 1952 3481 time
1987 3437 2026 3479 it
2050 3450 2140 3479 was
2165 3449 2269 3492 pre-

439 3511 601 3554 sumed
634 3510 746 3567 they
771 3509 920 3566 might
951 3523 1083 3553 come
1108 3514 1158 3553 to
1190 3510 1272 3554 the
1307 3510 1580 3566 knowledge
1605 3509 1659 3552 of
1678 3509 1742 3552 all
1770 3508 1855 3552 the
1885 3508 2086 3564 subjects
2109 3506 2163 3550 of
2188 3506 2270 3549 the

440 3595 628 3637 emp1re.

535 3651 751 3707 Secondly
765 3667 782 3699 ;
813 3650 968 3694 When
988 3664 1050 3694 no
1075 3650 1188 3694 such
1212 3651 1446 3708 provision
1471 3651 1509 3694 is
1529 3650 1680 3699 made,
1716 3650 1849 3692 Laws
1877 3662 1926 3692 as
1959 3661 2073 3692 soon
2092 3660 2141 3689 as
2160 3658 2267 3702 pro-

439 3720 679 3776 mulgated
708 3722 757 3762 in
786 3721 868 3763 the
904 3722 1038 3764 usual
1067 3735 1275 3772 manner,
1314 3722 1468 3777 oblige
1493 3721 1556 3764 all
1592 3726 1643 3764 to
1680 3720 1835 3764 whose
1859 3718 2131 3772 knowledge
2156 3715 2269 3772 they
