2482 4166
811 310 1195 370 PRAELECTIO
1235 311 1527 357 SEPTIMA.
1987 307 2094 361 207

259 445 437 496 minus
464 457 632 503 serve,
662 442 971 509 Imperator
1000 436 1164 502 militi,
1210 442 1328 492 Rex
1365 438 1573 510 popu10‚
1603 442 1755 493 Deus
1783 440 1993 504 homini,
2034 449 2093 496 ut

261 525 535 593 Superior,
566 522 801 575 facienda
818 523 1083 592 praecipit
1111 539 1227 574 cum
1264 521 1611 584 auctoritate3
1652 528 1706 574 et
1721 525 2093 592 praecipiendo

257 606 326 659 ad
353 605 610 675 imperata
637 603 877 657 facienda
905 606 1128 673 obliqat.

368 688 462 742 IV.
544 688 788 757 Suppono
842 689 1086 747 secundo,
1141 692 1452 756 potestatem
1497 688 1938 756 Leqamlativam
1984 706 2095 741 esse

258 776 568 842 potestatem
601 771 839 839 publicae
880 770 1312 823 Jurisdictiortis.
1398 770 1584 839 Neque
1623 769 1758 823 enim
1803 770 1987 824 sufficit
2025 771 2094 823 ad

250 863 570 923 potestatem
611 853 745 921 leyes
764 854 1002 922 ferendi,
1041 857 1102 904 ut
1126 851 1240 922 quis
1277 851 1330 903 in
1359 851 1485 905 alios
1506 852 1593 922 jus
1623 852 1975 923 qualecunque
2003 853 2096 905 ha-

261 938 382 988 beat
410 942 463 988 et
491 937 794 1006 imperium,
824 941 884 987 ut
911 932 1072 1004 possit
1112 933 1186 986 eis
1221 933 1456 988 facienda
1480 937 1835 1004 praescribere
1857 955 1874 988 .·
1916 935 2013 987 nisi
2042 943 2096 989 et

252 1028 518 1087 potestate
553 1018 620 1071 sit
659 1016 908 1087 praeditus
942 1026 1177 1079 externa,
1219 1015 1294 1070 ita
1332 1023 1391 1070 ut
1427 1017 1590 1087 possit
1627 1035 1714 1070 eos
1742 1018 1811 1070 ad
1839 1017 2096 1089 imperata

258 1100 495 1153 facienda
523 1117 717 1169 eoyere,
743 1106 796 1153 et
823 1098 1057 1151 nolentes
1085 1100 1353 1169 supplicio
1384 1103 1603 1170 afficere.
1690 1097 1760 1155 ‘O
1789 1098 1910 1174 ’γάρ
1941 1097 2096 1164 νόμος

259 1179 676 1256 ἀναγκαστικῆν
731 1176 851 1258 ἔχει
906 1175 1125 1242 δύναμιν
1174 1181 1341 1251 inquit
1386 1184 1748 1237 cAristoteles.
1823 1183 2094 1255 Distingu-

260 1272 356 1318 unt
395 1265 558 1337 igitur
608 1266 934 1319 Scholastici
980 1261 1230 1334 ἐξουσίαν
1278 1264 1385 1317 sive
1420 1276 1743 1335 potestatem
1787 1284 1903 1318 eam
1939 1284 2094 1336 quam

261 1347 420 1400 habet
469 1350 715 1417 superior
760 1346 813 1399 in
859 1346 1172 1409 inferiorem,
1228 1345 1281 1398 in
1335 1353 1644 1417 potestatem
1699 1366 1853 1418 quam
1910 1355 2096 1402 vocant

262 1432 695 1492 Dominativam,
752 1436 807 1482 et
857 1435 1168 1499 potestatem
1218 1431 1635 1483 Jurisdictionis
1664 1451 1681 1483 .·
1736 1448 1955 1500 quarum
2007 1430 2097 1483 illa

262 1512 428 1565 minor
453 1518 546 1575 est,
576 1512 781 1582 privata
819 1510 1000 1582 magis,
1045 1517 1099 1564 et
1141 1522 1370 1565 externae
1408 1514 1827 1566 Jurisdictionis
1869 1530 2093 1584 expers3

262 1594 373 1646 haec
401 1594 580 1665 major,
612 1601 665 1646 et
693 1589 1239 1668 ἀναγκαστικωτὲρα.
1328 1593 1541 1646 Distant
1570 1593 1705 1646 enim
1730 1593 1867 1648 inter
1897 1613 1952 1648 se
1990 1614 2095 1648 non

261 1694 447 1746 parum
469 1677 586 1729 duae
601 1675 715 1728 istae
734 1685 1042 1745 potestates,
1060 1675 1215 1745 idque
1235 1674 1422 1745 triplici
1439 1675 1757 1746 potissimum
1787 1677 2094 1732 discrimine.

211 1771 231 1811 1
261 1760 450 1812 Primo
486 1758 687 1810 ratione
729 1759 988 1811 Materiae
1020 1757 1127 1810 sive
1164 1758 1382 1826 Objecti,
1425 1758 1546 1828 quia
1580 1770 1822 1829 potestas
1850 1763 2094 1814 domina-

262 1843 378 1894 tiva
405 1847 644 1894 versatur
677 1840 886 1912 proprie
930 1839 1066 1892 circa
1104 1840 1521 1894 communitatem
1563 1841 1997 1912 imperfectiorem
2042 1852 2095 1898 et

260 1924 533 1994 privatam,
587 1929 646 1976 ut
702 1926 931 1984 domum,
984 1923 1250 1985 Scholam,
1290 1926 1582 1992 familiam
1608 1945 1625 1977 .·
1669 1936 1914 1994 potestas
1970 1945 2095 1980 vero

258 2008 677 2060 Jurisdictionis
718 2005 855 2059 circa
883 2004 1245 2074 perfectiorem
1275 2013 1329 2059 et
1358 2006 1523 2078 magis
1551 1998 1821 2076 publicam,
1859 2015 1917 2061 ut
1952 2012 2095 2064 Civi-

207 2100 236 2141 2
263 2099 437 2152 tatem,
476 2091 811 2151 Exercitum,
854 2089 1281 2157 Rempublicam.
1361 2092 1624 2152 Secunda
1670 2090 1871 2143 ratione
1914 2095 2093 2154 Finis,

260 2171 381 2241 quia
421 2174 676 2225 Potestas
714 2172 1055 2223 dominativa
1093 2188 1188 2240 per
1227 2188 1283 2222 se
1325 2178 1379 2224 et
1414 2174 1690 2241 primario
1732 2173 2001 2227 ordinatur
2027 2175 2096 2228 ad

260 2253 534 2306 utilitatem
563 2272 813 2324 personae
849 2270 964 2305 eam
989 2259 1299 2322 potestatem
1328 2253 1581 2318 habentiS‚
1613 2254 1667 2307 id
1694 2262 1788 2319 est,
1824 2258 2054 2311 Domini
2072 2280 2091 2319 ‚-

259 2336 314 2388 in
357 2336 547 2389 bonum
591 2354 715 2389 vero
765 2334 1143 2389 communitatis
1188 2339 1509 2390 secundario
1553 2344 1756 2391 tantum
1813 2346 1867 2393 et
1921 2358 2095 2394 conse-

260 2425 507 2489 quenter:
542 2425 795 2489 quatenus
815 2417 1059 2470 nimirum
1088 2417 1214 2471 utile
1243 2426 1322 2472 est
1351 2419 1556 2472 familiae
1576 2427 1634 2473 ut
1653 2423 2096 2492 paterfamilias

259 2501 490 2556 ditescat.
576 2504 832 2555 Potestas
872 2507 1047 2554 autem
1093 2503 1333 2570 publicae
1369 2504 1778 2571 jurisdictionis
1824 2504 2094 2558 ordinatur

248 2586 530 2654 primario
563 2584 617 2637 in
658 2586 848 2638 bonum
866 2584 1152 2653 publicum
1180 2583 1339 2655 ipsius
1368 2585 1746 2640 communitatis
1771 2606 1783 2640 ε
1822 2586 1876 2639 in
1903 2587 2096 2641 bonum

844 2771 862 2792 ⁰
886 2766 1017 2803 Ethie.
1037 2767 1123 2805 Nic.
1142 2767 1231 2807 Lib.
1249 2779 1294 2805 X.
1316 2768 1421 2818 [cap.
1440 2769 1496 2818 x]

348 2890 389 2930 4.
454 2884 683 2944 Secondly,
707 2887 794 2932 We
820 2901 1033 2947 suppose,
1063 2888 1168 2934 that
1198 2889 1280 2935 the
1303 2891 1586 2949 Legislative
1611 2907 1768 2952 power
1797 2897 1835 2940 is
1873 2910 1902 2940 a
1937 2911 2093 2955 power

259 2958 314 3002 of
328 2958 483 3015 public
506 2959 538 3002 J
539 2958 827 3004 urisdiction.

301 3065 303 3067 .
350 3028 451 3072 The
475 3042 632 3087 power
656 3030 711 3074 of
730 3044 759 3074 a
785 3031 1009 3089 Superior
1032 3047 1142 3077 over
1161 3046 1221 3076 an
1246 3033 1449 3078 Inferior
1471 3034 1510 3078 is
1536 3035 1592 3079 of
1610 3040 1702 3081 two
1721 3035 1857 3082 kinds
1883 3035 2096 3092 (accord-

258 3100 338 3157 ing
360 3104 411 3143 to
435 3099 518 3143 the
544 3097 862 3155 Schoolmen),
887 3104 1173 3161 Magisterial
1198 3105 1292 3147 and
1315 3105 1682 3151 Jurisdictional.

347 3169 499 3213 These
522 3175 612 3214 two
631 3171 769 3215 kinds
795 3173 849 3216 of
867 3186 1025 3230 power
1050 3175 1185 3219 differ
1208 3176 1258 3218 in
1282 3175 1416 3219 three
1441 3191 1587 3235 ways:

354 3236 416 3291 1⁰,
446 3240 504 3282 In
538 3240 621 3284 the
657 3242 857 3292 Matter‚·
895 3244 978 3288 the
1012 3245 1300 3302 Magisterial
1325 3260 1483 3303 power
1518 3249 1556 3292 is
1588 3249 1846 3294 concerned
1885 3250 2030 3296 about
2065 3267 2097 3297 a

259 3323 389 3353 more
408 3310 655 3367 imperfect
678 3313 771 3355 and
791 3314 972 3370 pr1vate
993 3317 1294 3374 community,
1319 3330 1368 3361 as
1395 3331 1423 3361 a
1441 3317 1601 3371 house,
1623 3334 1651 3362 a
1671 3320 1844 3373 school,
1864 3336 1892 3365 a
1910 3322 2074 3381 family
2081 3340 2094 3377 3

258 3381 341 3424 the
365 3381 717 3426 Jurisdictional
741 3397 898 3440 power
933 3385 1077 3429 about
1113 3400 1142 3429 a
1177 3401 1307 3431 more
1342 3388 1525 3445 perfect
1560 3390 1653 3433 and.
1687 3391 1847 3448 public
1886 3406 2096 3437 commu*

259 3453 374 3510 nity,
401 3466 429 3495 a
453 3453 562 3510 city,
587 3467 647 3496 an
672 3467 816 3512 army,
843 3469 871 3498 a
896 3455 1043 3500 State.

352 3521 415 3575 2⁰,
452 3524 509 3566 In
531 3523 611 3567 the
635 3525 748 3568 End
759 3542 776 3574 ;
808 3525 889 3570 the
908 3525 1195 3584 Magisterial
1219 3542 1375 3587 power
1393 3531 1633 3590 primarily
1653 3533 1691 3577 is
1713 3533 1920 3579 directed
1940 3540 1991 3580 to
2012 3535 2095 3581 the

260 3594 418 3652 utility
449 3594 502 3638 of
532 3594 614 3639 the
638 3610 809 3654 person
839 3598 1095 3656 exercising
1119 3600 1170 3652 it,
1200 3600 1282 3644 the
1307 3602 1508 3646 Master:
1548 3604 1642 3647 and
1667 3605 1777 3663 only
1801 3607 2096 3666 secondarily

259 3670 310 3708 to
335 3665 418 3708 the
441 3666 565 3722 good
590 3666 644 3710 of
663 3667 744 3711 the
770 3670 1082 3727 community3
1113 3670 1221 3715 thus
1242 3671 1324 3716 the
1348 3673 1526 3717 Master
1546 3674 1601 3718 of
1626 3689 1654 3718 a
1677 3676 1861 3736 Family
1886 3679 2018 3722 seeks
2042 3684 2093 3723 to

260 3736 422 3780 enrich
440 3736 632 3781 himself
644 3739 910 3798 primarily;
939 3740 1088 3785 which
1108 3756 1215 3800 may
1230 3743 1402 3787 indeed
1419 3744 1669 3804 indirectly
1688 3747 1747 3791 be
1773 3748 1850 3792 for
1868 3749 1951 3794 the
1970 3751 2095 3808 good

260 3808 315 3851 of
334 3807 415 3853 the
435 3808 623 3867 family:
652 3810 737 3855 but
757 3810 839 3855 the
855 3812 1204 3858 Jurisdietional
1229 3828 1386 3873 power
1409 3816 1447 3860 is
1467 3816 1675 3862 directed
1688 3820 1929 3879 primarily
1944 3827 1993 3866 to
2014 3822 2095 3866 the
