2482 4166
437 293 543 344 130
709 299 796 343 DE
838 299 1066 344 LEGUM
1106 298 1530 344 HUMANARUM
1571 296 2022 344 OBLIGATIONE.

434 437 523 484 tur
577 448 653 483 eae
702 432 887 500 LeyeS,
944 447 1076 499 quae,
1116 428 1316 482 etiamsi
1359 446 1453 499 per
1491 426 1853 480 auctoritatem
1902 426 2025 497 ipsis
2073 445 2106 480 a
2152 427 2267 481 Deo

436 512 743 574 derivatam,
782 513 849 565 ab
889 513 1193 565 hominibus
1230 518 1402 565 tamen
1443 508 1739 563 immediate
1766 509 2118 581 imperataeet
2146 511 2268 564 sub-

439 594 558 648 ditis
598 593 851 667 impositae
894 600 1028 648 sunt.

559 678 655 732 IV.
742 676 1004 729 Definitur
1046 694 1203 746 porro
1243 677 1362 729 Leoe
1400 676 1669 727 Humana
1707 675 1773 727 ab
1816 674 2122 745 eAquinate,
2154 677 2269 727 Ra-

439 761 604 814 tionis
654 760 931 812 ordinatio
989 761 1066 811 ad
1111 760 1302 812 bouum
1360 775 1645 819 commuue,
1705 759 1776 809 ab
1831 776 1887 810 6ο
1938 759 2033 827 qui
2078 775 2269 810 curam

438 843 841 896 communitatis
861 842 1021 894 habet
1039 841 1427 911 promulyata:
1452 839 1519 892 ab
1548 838 1661 891 aliis
1689 839 1866 902 aliter;
1895 838 2067 909 quoad
2089 838 2266 901 verba,

437 924 531 977 sed
573 923 685 976 fere
726 922 780 975 in
826 923 1046 976 eundem
1092 940 1313 976 sensum.
1393 923 1464 974 Et
1522 921 1730 991 quidem
1786 929 1960 974 recte:
2016 919 2269 990 siquidem

437 1005 677 1059 convenit
725 1004 826 1058 ista
874 1004 1102 1058 definitio
1151 1006 1292 1074 Leyi
1326 1005 1581 1073 publicae,
1629 1021 1744 1074 quae
1794 1010 1872 1056 est
1907 1002 2170 1057 notissima
2217 1009 2270 1055 et

437 1086 768 1140 usitatissima
824 1086 935 1156 ejus
987 1086 1223 1139 vocabuli
1278 1086 1537 1156 accepti03
1597 1092 1650 1139 et
1712 1087 2011 1155 Aualoyum
2058 1104 2162 1154 per
2215 1104 2270 1138 36

424 1171 668 1238 positum
698 1169 778 1236 (ut
807 1168 908 1220 dici
943 1167 1094 1236 solet)
1126 1186 1233 1237 pro
1258 1169 1564 1237 famas-iore
1605 1170 1910 1237 siqm‘ficato
1949 1178 2095 1221 stare
2123 1186 2270 1236 proe-

436 1253 685 1304 sumitur.
775 1250 879 1303 Sed
907 1249 961 1301 in
985 1249 1231 1320 praesenti
1257 1248 1556 1319 quaestione,
1588 1256 1642 1301 et
1679 1250 1818 1319 quod
1854 1257 2087 1302 nostrum
2125 1248 2270 1301 insti-

436 1339 604 1386 tutum
641 1332 843 1395 attinet,
882 1332 975 1385 sub
1008 1331 1213 1384 nomine
1245 1333 1454 1401 Leyum
1492 1331 1884 1384 Humanarum
1922 1330 2271 1403 intelligendae

437 1414 665 1477 veniunt,
705 1433 808 1468 non
844 1420 1047 1468 tantum
1074 1416 1245 1483 Loycs
1274 1415 1514 1484 publicae
1545 1413 1982 1468 Communitatum
2012 1413 2154 1483 (licet
2194 1431 2270 1466 eae

436 1496 757 1567 potissimum
786 1503 838 1550 et
867 1496 1151 1567 primario,)
1182 1496 1273 1549 sed
1316 1503 1369 1549 et
1399 1498 1669 1549 mandata
1711 1496 2047 1568 particularia
2085 1514 2272 1567 paren-

437 1586 566 1641 tum,
607 1578 946 1641 dominorum,
987 1578 1269 1631 aliorumve
1311 1596 1731 1649 quorumcunque
1760 1580 2121 1648 praelatorum
2163 1577 2272 1631 sive

437 1663 792 1730 superiorum,
823 1660 954 1723 filiis,
996 1660 1160 1713 servis
1203 1659 1381 1713 aliisve
1423 1662 1658 1714 subditis
1700 1661 1804 1714 suis
1846 1661 2116 1731 imperata.
2206 1661 2272 1713 In

437 1743 536 1795 hoc
561 1742 695 1795 enim
724 1762 826 1796 uno
855 1743 991 1795 inter
1019 1744 1217 1812 Leyem
1243 1741 1452 1813 proprie
1481 1742 1670 1796 dictam
1711 1749 1765 1796 et
1801 1745 2138 1795 Mandatum
2171 1742 2272 1795 dis-

441 1824 634 1878 crimen
658 1825 919 1895 praecipue
947 1824 1191 1887 cernitur,
1213 1842 1371 1894 quum
1392 1831 1670 1895 utrumque
1692 1824 1759 1878 sit
1776 1825 2035 1895 Praecepti
2051 1824 2268 1895 species3

436 1907 575 1976 quod
603 1909 941 1960 illaudatum
969 1906 1078 1959 sive
1106 1908 1330 1959 Jussum
1363 1907 1429 1959 sit
1470 1923 1707 1977 personae
1744 1907 1966 1978 privatae
2009 1907 2270 1977 privatam

436 1988 797 2042 auctoritatem
847 1988 1085 2042 habentis
1131 1991 1492 2058 Praeceptum,
1550 1991 1669 2043 Lex
1720 1996 1894 2042 autem
1944 1991 2272 2061 Praeceptum

437 2089 704 2123 commune
753 2089 989 2142 personae
1031 2069 1236 2140 publica
1281 2077 1539 2140 potestate
1586 2071 1857 2142 praeditae:
1913 2072 2102 2125 Cetera
2157 2072 2271 2125 fere

437 2159 557 2206 sunt
585 2153 747 2223 paria.
822 2153 978 2207 Certe
1006 2152 1075 2205 ad
1103 2153 1388 2222 obliyandi
1417 2155 1527 2206 vim
1552 2160 1606 2206 et
1634 2154 1871 2207 effectum
1900 2154 2038 2224 quod
2065 2153 2268 2217 attinet,

438 2251 541 2304 qua
576 2235 642 2287 de
678 2253 737 2288 re
777 2253 912 2289 nunc
953 2234 1145 2307 agitur,
1186 2252 1344 2304 quum
1381 2253 1447 2287 ex
1485 2235 1640 2306 hujus
1687 2236 1884 2307 Capitis
1922 2253 2076 2290 versu
2104 2236 2271 2306 primo

437 2322 651 2380 constet,
702 2336 905 2370 omnem
956 2317 1160 2370 omnino
1212 2319 1512 2385 leyitimam
1558 2329 1896 2388 potestatem,
1953 2336 2273 2388 quaecunque

439 2398 644 2451 demum
677 2398 765 2452 illa
806 2399 978 2462 fuerit,
1019 2417 1123 2452 non
1149 2401 1437 2469 publicam
1470 2401 1639 2463 mod0,
1677 2401 1765 2470 (de
1808 2419 1910 2471 qua
1951 2407 2125 2453 tamen
2164 2401 2273 2453 sola

438 2480 606 2534 fateor
634 2480 760 2535 inibi
798 2500 865 2535 ex
902 2481 1137 2535 instituto
1175 2480 1316 2550 loqui
1356 2483 1708 2553 Apostolum)
1748 2483 1841 2536 sed
1879 2489 1933 2537 et
1965 2484 2271 2553 privatam,

1040 2668 1057 2689 e
1084 2664 1157 2699 1ma
1180 2661 1251 2699 2dae
1273 2667 1412 2711 quaest.
1431 2665 1493 2710 90,
1512 2664 1605 2703 Art.
1623 2666 1661 2703 4.
1701 2720 1715 2731 ἦ

530 2790 573 2828 4.
650 2785 853 2843 Aquinas
886 2786 947 2842 [if
961 2802 1029 2833 we
1058 2794 1145 2846 put
1177 2791 1394 2848 together
1418 2791 1500 2836 the
1521 2792 1630 2836 four
1653 2794 1965 2851 propositions
1987 2795 2270 2840 established

439 2855 488 2897 in
512 2855 670 2907 Quest.
707 2862 763 2901 90
803 2858 856 2901 of
887 2858 968 2902 the
988 2860 1113 2904 First
1137 2862 1327 2905 Section
1348 2862 1402 2905 of
1420 2862 1501 2906 the
1524 2863 1709 2907 Second
1736 2865 1851 2908 Part
1885 2865 1939 2908 of
1963 2865 2034 2909 his
2058 2864 2268 2919 Summa]

439 2926 613 2970 defines
635 2941 662 2970 a
685 2928 796 2971 Law
815 2932 864 2973 to
895 2929 955 2973 be
975 2929 1085 2973 “An
1113 2932 1376 2976 Ordinance
1397 2933 1451 2976 of
1464 2934 1652 2977 Reason
1671 2934 1745 2977 for
1765 2935 1846 2978 the
1869 2936 2096 2979 Common
2119 2937 2268 2988 Good,

438 2997 763 3054 promulgated
798 2999 861 3057 by
887 3014 915 3043 a
948 3001 1127 3045 Person
1162 3004 1319 3060 acting
1350 3017 1411 3047 on
1449 3003 1531 3047 the
1570 3009 1676 3061 part
1710 3005 1764 3048 of
1798 3005 1880 3050 the
1915 3006 2267 3064 Community:'’

437 3067 531 3110 and
555 3068 726 3122 others,
746 3079 795 3113 to
816 3071 897 3114 the
918 3085 1044 3116 same
1065 3073 1215 3118 effect.
1272 3074 1383 3118 This
1406 3074 1648 3119 definition
1668 3076 1845 3133 applies
1865 3080 1916 3121 to
1937 3077 2103 3121 Public
2122 3078 2269 3129 Laws,

437 3138 587 3182 which
608 3154 688 3184 are
709 3140 790 3185 the
816 3147 936 3186 most
958 3156 1173 3187 common
1197 3145 1313 3188 kind
1338 3145 1391 3189 of
1421 3147 1546 3189 Law.
1608 3147 1703 3190 But
1725 3148 1774 3189 in
1799 3161 1885 3191 our
1905 3148 2174 3201 discussion,
2199 3162 2267 3192 we

436 3208 555 3253 have
579 3215 629 3254 to
650 3211 850 3265 include,
871 3218 955 3257 not
987 3215 1097 3273 only
1118 3215 1200 3259 the
1233 3216 1399 3260 Public
1432 3218 1565 3261 Laws
1596 3217 1649 3260 of
1681 3218 2030 3271 Communities,
2057 3219 2143 3262 but
2170 3219 2267 3263 also

436 3280 517 3324 the
549 3281 827 3327 Commands
860 3285 914 3327 of
938 3291 1141 3342 parents,
1173 3292 1382 3339 masters,
1411 3289 1505 3331 and
1536 3288 1693 3332 others
1724 3290 1774 3332 in
1798 3289 2049 3348 authority,
2080 3295 2128 3333 to
2154 3289 2268 3333 chil-

437 3350 566 3404 dren,
598 3359 820 3407 servants,
856 3356 1072 3413 subjects.
1133 3358 1280 3411 Laws,
1304 3359 1524 3418 properly
1558 3373 1610 3404 so
1645 3360 1808 3413 called,
1842 3360 1935 3404 and
1971 3360 2267 3412 Commands,

438 3421 586 3475 differ,
618 3424 668 3466 in
692 3425 796 3469 that
825 3427 1073 3471 Commaud
1098 3428 1136 3472 is
1165 3443 1193 3471 a
1217 3430 1419 3488 Precept
1440 3435 1490 3474 to
1516 3445 1544 3474 a
1564 3431 1743 3488 private
1767 3445 1939 3489 person
1963 3431 2028 3488 by
2052 3445 2140 3474 one
2162 3430 2266 3473 who

437 3490 520 3535 has
548 3494 785 3554 authority
810 3511 921 3541 over
950 3498 1046 3541 him
1069 3515 1081 3551 3
1111 3500 1229 3543 Law
1265 3501 1302 3545 is
1333 3516 1360 3544 a
1390 3502 1581 3558 general
1605 3503 1806 3559 Precept
1832 3502 1886 3544 of
1906 3516 1934 3544 a
1968 3515 2139 3558 person
2163 3500 2266 3543 who

436 3560 520 3605 has
550 3565 708 3621 public
745 3568 996 3627 authority.
1074 3571 1168 3614 But
1198 3571 1322 3615 their
1353 3573 1614 3630 obligatory
1637 3585 1794 3630 power
1824 3572 1862 3614 is
1896 3571 1977 3614 the
2003 3584 2153 3615 same:
2188 3584 2266 3614 see

436 3632 572 3677 Rom.
596 3636 689 3678 xiii.
715 3642 754 3688 1,
790 3638 943 3683 where
963 3641 1026 3683 all
1047 3641 1162 3685 “the
1182 3642 1349 3699 higher
1378 3643 1583 3700 powers’'
1622 3656 1702 3685 are
1736 3641 1915 3699 spoken
1947 3642 2002 3685 of
2023 3641 2263 3698 together:

439 3701 554 3810 {md
577 3706 712 3761 again
731 3721 825 3752 ver.
847 3707 910 3762 7).
951 3711 1013 3754 So
1034 3712 1175 3755 much
1197 3713 1251 3756 of
1271 3713 1351 3757 the
1377 3713 1553 3772 subject
1577 3712 1631 3757 of
1647 3713 1728 3757 the
1749 3713 2052 3771 proposition,
2072 3713 2266 3756 Human

485 3784 569 3815 aw.
