2482 4166
394 294 461 345 82
920 299 1006 342 DE
1047 297 1305 342 PIORUM
1343 295 1687 340 EXEMPLIS.

317 428 320 431 ’
398 428 567 483 datius
595 426 829 499 proponi,
860 444 1013 497 quam
1042 425 1137 479 sub
1173 426 1271 478 hac
1303 424 1483 477 forma.
1569 422 1895 492 Eoeemplum
1928 421 2137 474 Christi
2175 423 2228 471 et

396 511 760 583 Apostolorum
798 509 852 561 in
879 515 1080 563 tantum
1120 507 1330 580 obligat,
1372 512 1620 577 quantum
1653 504 1800 558 nobis
1836 503 1999 557 visum
2026 508 2105 554 est
2141 519 2229 553 ex-

397 594 577 665 pedire
604 599 663 646 ut
692 592 916 663 obliget3
961 591 1052 644 sed
1080 590 1227 643 nobis
1267 589 1511 659 expedire
1540 588 1703 641 visum
1733 593 1811 640 est
1837 592 1896 639 ut
1929 584 2123 655 obliget
2160 582 2228 635 ad

398 695 503 729 non
532 676 1021 746 inqeniculandum,
1052 672 1267 726 ulterius
1296 689 1420 725 vero
1461 688 1565 723 non
1594 669 1820 741 obliget:
1864 685 1990 739 ergo
2018 672 2230 719 eatenus

397 765 599 811 tantum
639 757 848 829 obligat,
894 766 947 808 et
980 773 1084 807 non
1115 753 1344 807 ulterius.
1432 752 1586 823 Piget
1619 751 1732 814 ista,
1768 751 1970 804 fateor:
2013 766 2116 800 non
2151 752 2230 799 est

402 846 493 893 aut
529 839 681 910 hujus
715 838 825 900 loci,
857 844 949 890 aut
986 836 1131 889 istius
1161 835 1342 896 aetatis,
1379 841 1471 887 aut
1508 833 1664 886 moris
1693 832 1871 894 nostri,
1902 833 2075 884 risum
2104 847 2230 898 cap-

404 932 522 975 tare
550 924 611 974 in
638 939 696 974 re
723 922 882 974 seria.
959 918 1062 971 Sed
1092 917 1215 987 quid
1243 916 1401 969 facias
1429 915 1539 968 istis
1567 914 1855 968 hominibus
1874 913 1903 966 ?
1973 910 2230 964 Nimirum

402 1003 600 1074 indiget
628 1000 913 1054 istiusmodi
941 999 1223 1070 patrocinio
1262 1016 1415 1051 causa
1442 1016 1545 1050 non
1573 997 1739 1050 bona:
1778 1014 1872 1048 nec
1902 993 2013 1047 fieri
2042 998 2228 1064 potest,

401 1091 460 1136 ut
501 1102 604 1136 non
632 1083 794 1135 multa
831 1082 1017 1143 inania,
1049 1088 1102 1133 et
1145 1080 1187 1132 si
1229 1079 1451 1150 penitius
1494 1078 1853 1131 examinentur
1894 1075 2229 1148 perabsurda,

400 1164 596 1233 sibique
629 1182 815 1234 parum
849 1168 1206 1224 consentanea,
1251 1161 1424 1213 dicere
1458 1178 1807 1230 saepenumero
1837 1165 2102 1231 cogantur,
2144 1155 2232 1225 qui

390 1248 645 1318 partium
702 1244 865 1316 magis
922 1243 1090 1297 studio
1148 1242 1265 1295 duci
1316 1260 1371 1294 se
1427 1241 1695 1312 patiuntur
1752 1258 1907 1311 quam
1963 1240 2230 1292 veritatis.

400 1327 655 1398 Equidem
682 1346 747 1379 ex
775 1326 943 1379 animo
971 1325 1169 1395 loquor,
1202 1330 1255 1377 et
1284 1323 1421 1394 quod
1448 1341 1532 1376 res
1562 1330 1672 1376 est:
1713 1322 1826 1375 Etsi
1854 1321 2016 1375 multa
2044 1319 2233 1406 passim

400 1410 455 1462 in
498 1429 674 1462 eorum
720 1408 933 1478 Scriptis
973 1413 1244 1460 occurrant
1260 1425 1468 1476 parum
1510 1407 1680 1459 solide
1717 1405 1992 1475 disputata,
2037 1402 2233 1456 utinam

401 1510 504 1544 non
534 1492 768 1561 quaedam
798 1491 951 1543 etiam
972 1509 1179 1560 parum
1200 1491 1439 1550 sincere;
1469 1506 1571 1541 non
1599 1487 1807 1540 memini
1835 1494 2009 1540 tamen
2034 1484 2233 1556 uspiam

399 1592 482 1626 me
512 1575 811 1626 observasse
840 1579 984 1625 tanto
1015 1591 1128 1624 cum
1157 1578 1344 1624 conatu
1374 1578 1426 1624 et
1455 1570 1710 1623 molimine
1739 1587 1906 1622 meras
1935 1585 2100 1639 nugas
2128 1566 2231 1638 agi,

397 1663 489 1709 aut
519 1674 583 1708 ex
605 1663 756 1709 tanta
784 1654 1032 1707 montium
1061 1653 1402 1725 parturitione
1430 1659 1538 1705 tam
1566 1652 1751 1705 misere
1779 1650 2049 1704 ridiculum
2078 1649 2234 1719 prod-

401 1738 479 1790 ire
509 1738 705 1801 foetum,
739 1756 892 1807 quam
936 1755 1049 1789 cum
1091 1738 1243 1788 nuda
1262 1738 1485 1805 piorum
1520 1736 1760 1803 eoeempla
1797 1752 1826 1786 e
1858 1732 2029 1786 Sacris
2071 1730 2234 1784 literis

398 1820 639 1882 adducta,
667 1826 757 1872 aut
777 1820 844 1872 ad
873 1820 1235 1872 excusandum
1263 1836 1325 1870 ea
1353 1817 1490 1870 facta
1511 1834 1626 1886 quae
1655 1816 1894 1868 videntur
1918 1814 2034 1886 lege
2062 1813 2235 1882 aliqua

399 1901 574 1954 divina
604 1903 900 1971 prohibe-ri,
942 1908 1033 1953 aut
1061 1900 1129 1952 ad
1162 1899 1504 1952 inducendum
1549 1900 1928 1967 obliyationem
1960 1896 2014 1948 in
2044 1894 2232 1947 consci-

398 1983 539 2036 entia
564 1983 616 2035 in
646 1983 725 2035 his
755 2001 870 2052 quae
899 2000 1001 2034 non
1030 1982 1271 2035 videntur
1308 1981 1425 2053 lege
1453 1980 1626 2049 aliqua
1661 1979 1832 2032 divina
1861 1980 2112 2049 praecipi,
2141 1977 2234 2029 im-

396 2071 618 2135 portune
649 2072 918 2137 urgentur.
975 2064 1079 2116 Sed
1102 2063 1238 2116 unde
1267 2062 1529 2134 digressus
1553 2079 1680 2125 sum,
1709 2061 1751 2114 si
1777 2068 1950 2115 tamen
1972 2060 2234 2133 digressus

395 2166 524 2211 sum,
555 2147 727 2210 rede0‚
760 2154 813 2200 et
840 2164 1003 2218 pergo
1031 2145 1099 2198 ad

521 2231 731 2282 XXIII.
820 2231 1212 2298 Aryumentum
1242 2237 1514 2298 quartum,
1545 2226 1611 2280 ab
1641 2225 2012 2297 Exemplorum
2040 2224 2141 2277 fine
2181 2230 2236 2277 et

397 2330 492 2364 usu
519 2311 748 2382 propriO.
837 2312 1048 2363 Habere
1078 2310 1212 2363 enim
1241 2311 1511 2380 Exempla
1542 2328 1689 2362 suum
1716 2327 1879 2371 usum,
1922 2326 2140 2378 eumque
2168 2306 2236 2359 ad

396 2413 605 2447 morum
635 2393 1022 2456 institutionem,
1053 2395 1279 2462 vitaeque
1309 2391 1718 2445 emendationem
1747 2409 2102 2462 permagnum,
2130 2407 2236 2441 om-

399 2476 519 2528 nino
557 2476 826 2529 fatendum
866 2482 960 2530 est.
1038 2474 1290 2543 *Alioquin
1328 2492 1422 2526 nec
1456 2480 1563 2526 tam
1598 2474 1762 2526 multa
1794 2474 1847 2525 in
1885 2472 2043 2525 sacris
2074 2470 2238 2524 literis

399 2557 687 2627 perscripta
726 2564 912 2619 essent,
955 2558 1293 2626 (quaecunque
1336 2555 1472 2608 enim
1514 2555 1801 2626 perscripta
1840 2561 1974 2617 sunt,
2020 2556 2092 2611 εἰς
2135 2549 2240 2617 τὴν

405 2632 751 2693 διδασκαλίαν
780 2635 939 2702 ἡμῶν,
973 2641 1127 2690 Rom.
1159 2656 1242 2689 XV.
1274 2639 1340 2699 43
1387 2635 1518 2713 πρὸς
1550 2638 1825 2692 νουθεσίαν
1855 2634 2012 2703 ἡμῶν,
2057 2639 2088 2688 1
2118 2637 2234 2690 Cor.

404 2736 464 2770 x.
510 2722 597 2781 11,
649 2720 717 2771 ad
764 2737 857 2771 nos
904 2718 1210 2771 erudiendos
1254 2725 1345 2770 aut
1390 2718 1911 2771 commonefaciendos
1953 2716 2239 2788 perscripta

400 2909 472 2953 his
504 2908 720 2968 Apostles
748 2910 924 2968 obliges
951 2924 1019 2962 us,
1042 2924 1091 2954 as
1116 2910 1191 2954 far
1215 2924 1265 2955 as
1291 2925 1359 2955 we
1384 2910 1520 2954 think
1545 2912 1582 2955 it
1608 2910 1855 2969 expedient
1878 2908 1982 2953 that
2006 2908 2044 2952 it
2069 2908 2238 2953 should

404 2981 557 3037 obligo
585 2995 663 3025 us:
696 2981 782 3025 but
815 2982 852 3024 it
890 2995 1038 3025 seems
1066 2986 1113 3025 to
1149 2996 1202 3025 us
1239 2983 1489 3040 expedient
1519 2982 1622 3026 that
1652 2983 1690 3026 it
1721 2980 1888 3026 should
1920 2979 2073 3036 oblige
2106 2994 2156 3023 us
2187 2985 2238 3023 to

402 3052 585 3095 abstain
615 3052 739 3096 from
769 3053 1010 3109 kneeling:
1051 3053 1288 3097 therefore
1313 3054 1351 3096 it
1372 3054 1482 3098 does
1509 3053 1662 3111 oblige
1692 3067 1746 3097 us
1771 3066 1822 3097 so
1847 3051 1921 3094 far
1940 3050 2034 3094 and
2057 3063 2120 3094 no
2145 3050 2239 3093 far-

400 3124 523 3168 ther.

494 3194 602 3237 And
626 3194 675 3237 in
698 3195 901 3252 general,
933 3195 1129 3252 nothing
1153 3195 1190 3239 is
1219 3210 1349 3240 more
1387 3195 1559 3241 absurd
1586 3195 1762 3252 trifling
1789 3194 1903 3238 than
1934 3197 1985 3237 to
2014 3193 2125 3237 take
2157 3192 2240 3236 the

403 3265 640 3322 examples
657 3266 711 3308 of
726 3266 859 3323 pious
875 3280 996 3318 men,
1015 3266 1139 3310 from
1158 3267 1410 3325 Scripture,
1429 3268 1478 3310 in
1494 3267 1617 3311 their
1636 3266 1791 3310 naked
1806 3266 1944 3317 form,
1968 3264 2062 3307 and
2082 3268 2132 3307 to
2157 3277 2241 3307 use

403 3337 535 3380 them
556 3336 706 3380 either
726 3341 775 3381 to
798 3351 964 3381 excuse
983 3337 1107 3380 what
1127 3338 1165 3381 is
1186 3338 1436 3382 forbidden
1456 3339 1518 3396 by
1538 3352 1630 3395 any
1650 3337 1803 3380 divine
1824 3337 1925 3388 law,
1947 3349 2000 3379 or
2018 3339 2067 3378 to
2088 3335 2240 3391 oblige

401 3407 485 3451 the
511 3408 779 3451 conscience
799 3412 849 3451 to
870 3408 973 3452 that
997 3408 1147 3452 which
1168 3410 1206 3452 is
1230 3414 1314 3453 not
1339 3409 1647 3453 commanded
1667 3409 1716 3451 in
1737 3422 1828 3466 any
1853 3407 2007 3450 divine
2027 3406 2127 3449 law.

497 3483 568 3522 23.
634 3480 806 3522 Fourth
827 3478 1091 3537 Aryument.
1156 3480 1296 3524 From
1317 3480 1399 3524 the
1423 3494 1595 3538 proper
1619 3493 1701 3523 use
1727 3479 1782 3523 of
1802 3477 2062 3533 examples:
2089 3474 2241 3518 which

407 3561 489 3591 use
523 3548 561 3591 is
600 3554 683 3593 not
724 3564 772 3593 as
806 3564 835 3593 a
867 3552 967 3595 rule
994 3551 1049 3594 of
1074 3551 1184 3603 life3
1215 3551 1300 3595 but
1331 3552 1406 3595 for
1431 3553 1835 3607 encouragement,
1871 3554 1921 3590 to
1958 3550 2153 3602 support
2184 3559 2239 3589 us

407 3619 585 3674 against
621 3619 700 3663 the
737 3621 839 3664 sear
864 3622 918 3664 of
941 3622 1082 3666 God's
1108 3623 1325 3680 severity,
1351 3623 1445 3666 and
1475 3622 1530 3666 of
1553 3621 1635 3665 the
1671 3619 1896 3675 difficulty
1928 3616 1984 3659 of
2012 3616 2238 3673 obeying3

405 3689 582 3799 agaigst
607 3692 898 3748 temptation,
922 3692 1161 3750 reproach,
1183 3694 1276 3737 and
1296 3694 1555 3738 wearIness.
1619 3691 1708 3735 See
1727 3689 1809 3733 the
1830 3700 2043 3747 passages
2065 3686 2239 3744 quoted

408 3757 460 3799 in
486 3762 505 3801 t
542 3771 566 3801 c
591 3763 705 3803 text.
