2482 4166
821 298 1204 345 PRAELEOTIO
1247 299 1407 352 QUIN
1411 299 1508 344 TA.
1985 294 2085 346 131

252 451 286 487 a
325 434 442 485 Deo
477 429 806 484 constitutam
841 446 989 492 esse3
1034 435 1088 483 et
1128 427 1197 482 sit
1236 430 1559 482 mandatum
1593 431 1783 499 patris
1823 427 1943 495 filio,
1985 449 2091 484 non

252 513 419 567 minus
460 529 615 582 quam
652 514 734 567 lom
763 514 1043 585 principis
1084 510 1308 575 subdito,
1349 513 1551 582 ayendi
1591 513 1782 582 reyula
1803 532 1820 564 .·
1862 528 1981 581 quae
2023 514 2089 566 de

251 597 575 665 obliyatione
618 597 828 666 Leyum
873 597 1267 648 Humanarum
1316 612 1349 648 a
1391 612 1475 647 me
1525 594 1744 648 dicenda
1793 600 1965 657 erunt,
2014 593 2089 647 ita

250 676 471 750 intelligi
508 695 606 748 par
645 685 725 731 est
767 678 927 748 (quod
970 677 1130 730 semel
1177 676 1548 748 praemonuisse
1591 676 1842 747 sufficiet,)
1880 684 1941 730 ut
1982 695 2089 729 una

254 778 370 813 cum
399 759 615 830 publicis
646 762 846 831 Zeyibus
874 760 1198 832 privatorum
1220 759 1378 814 etiam
1396 762 1684 824 mandata,
1705 778 1818 813 cum
1839 760 2092 830 politicis

252 844 720 897 constitutionibus
763 846 1085 897 oeconomica
1123 861 1328 914 quoque
1357 845 1535 913 jussa,
1581 842 1785 913 aliaque
1829 843 1884 896 id
1925 860 2091 914 genus

252 924 437 978 similia
475 926 750 996 (quatenus
791 925 973 980 saltem
1015 926 1120 979 fert
1163 927 1435 997 analoyiae
1472 924 1628 996 ratio)
1664 925 2087 998 complectantur.

253 1008 326 1061 Et
350 1007 463 1060 haec
488 1008 555 1062 de
585 1010 827 1078 Subjecto
862 1010 1198 1071 Quaestionis.

371 1090 439 1144 V.
518 1093 900 1145 Praedicatum
944 1099 1038 1155 est,
1092 1092 1438 1146 Conscientioe
1480 1093 1758 1162 obliyatio.
1840 1089 1980 1155 Quid
2023 1091 2090 1144 sit

254 1166 639 1237 foonscientia,
692 1173 816 1245 quid
864 1174 988 1227 item
1039 1173 1093 1226 in
1149 1192 1344 1247 genere
1388 1176 1718 1245 gObliyatio,
1773 1173 1872 1227 fuit
1927 1191 1961 1226 a
2005 1191 2089 1226 me

257 1255 454 1309 dudum
481 1256 594 1309 fuse
623 1256 748 1311 satis
777 1256 1130 1328 explicatum3
1175 1276 1270 1310 nec
1300 1275 1428 1328 opus
1466 1264 1548 1310 est
1584 1256 1845 1328 repetitu:
1889 1257 2088 1329 Legem

256 1344 430 1392 autem
472 1341 713 1409 obliyare
755 1358 870 1393 cum
909 1339 1138 1403 dicimuS,
1183 1339 1255 1392 nil
1293 1339 1433 1393 aliud
1476 1339 1727 1402 volumus,
1757 1357 1914 1410 quam
1950 1338 2091 1409 quod

257 1422 370 1474 Lex
410 1421 628 1493 imponit
663 1422 868 1476 subdito
910 1425 1275 1477 necessitatem
1305 1424 1563 1492 parendi,
1608 1422 1874 1492 ipsamque
1917 1421 2092 1474 obser-

206 1505 227 1546 1
257 1504 428 1558 vandi.
518 1504 793 1558 Sciendum
823 1512 903 1558 est
931 1504 1068 1557 enim
1096 1507 1294 1574 Leyem
1322 1523 1387 1557 ex
1417 1504 1497 1557 sui
1517 1509 1722 1568 natura,
1754 1511 1807 1557 et
1835 1509 2093 1573 quatenus

258 1587 341 1640 lex
390 1597 481 1650 est,
512 1586 766 1656 duplicem
794 1587 991 1639 habere
1020 1585 1139 1649 vim,
1171 1586 1278 1640 sive
1308 1586 1547 1640 effectum
1574 1585 1942 1640 necessarium:
1987 1585 2092 1639 vim

253 1668 445 1722 scilicet
471 1670 767 1738 diriqendi,
798 1668 937 1721 unde
966 1674 1020 1722 et
1047 1665 1215 1723 κανὼν
1240 1667 1428 1722 dicitur
1452 1687 1544 1722 seu
1571 1670 1800 1739 Reyula,
1836 1674 2093 1738 quatenus

253 1753 497 1820 notificat
513 1750 718 1804 subdito
737 1750 1057 1805 voluntatem
1075 1750 1370 1823 superioriS,
1392 1757 1446 1804 et
1463 1751 1689 1805 ostendit
1706 1750 1832 1821 quid
1856 1750 2091 1821 superior

252 1833 320 1887 ab
349 1852 410 1887 eo
439 1833 552 1887 fieri
580 1833 729 1897 velit3
759 1840 812 1887 et
840 1833 946 1888 vim
975 1835 1272 1904 obliyandi,
1292 1835 1408 1905 (per
1430 1852 1584 1904 quam
1603 1833 1779 1887 differt
1798 1852 1831 1887 a
1856 1836 2092 1889 Consilio

253 1922 306 1970 et
333 1918 586 1986 Monit0,)
616 1923 869 1987 quatenus
897 1919 1133 1987 imperat
1160 1923 1220 1970 ut
1249 1916 1504 1970 voluntati
1534 1936 1641 1970 suae
1677 1935 1709 1970 a
1737 1916 1942 1971 subdito
1981 1935 2092 1969 mos

252 2006 485 2071 geratur,
510 2007 565 2053 et
592 1999 760 2070 ipsum
788 1999 862 2053 ita
889 2000 959 2053 ad
986 2000 1241 2070 imperata
1262 1999 1500 2073 facienda
1526 1999 1818 2071 obstringit,
1835 2005 1896 2051 ut
1923 1998 1965 2052 si
1988 2017 2092 2051 non

250 2089 435 2153 pareat
462 2089 653 2154 peccet.
716 2082 980 2153 Siquidem
1009 2082 1137 2135 nihil
1164 2082 1306 2136 aliud
1334 2089 1413 2136 est
1434 2085 1746 2144 Peccatum,
1769 2099 1923 2152 quam
1942 2081 2093 2134 aber-

253 2164 406 2226 rati0,
436 2165 545 2218 sive
584 2183 816 2218 recessus
853 2184 887 2218 a
921 2166 1114 2234 requla
1156 2167 1261 2218 illa
1303 2163 1412 2218 sive
1453 2166 1598 2234 Leye
1640 2182 1796 2235 quam
1829 2163 1975 2234 sequi
2004 2164 2092 2217 de-

253 2246 449 2310 bemuS,
478 2241 566 2317 (1ῑῆ
596 2244 836 2322 ἁμαρτία
866 2243 1023 2302 ἐστὶν
1066 2244 1098 2312 ἦ
1143 2244 1178 2303 α’
1185 2247 1338 2314 νομέα
1359 2249 1398 2317 t)
1428 2246 1559 2300 sicut
1586 2257 1844 2313 monstra,
1875 2252 2092 2317 propter

253 2346 511 2382 recessum
533 2330 598 2383 ab
616 2329 879 2383 ordinaria
893 2332 1131 2383 Naturoe
1153 2331 1296 2400 Leqo
1318 2329 1557 2383 dicuntur
1576 2331 1816 2383 Peccata
1836 2331 2091 2383 Naturae.

199 2413 228 2455 2
257 2410 531 2466 Sciendum
576 2419 750 2466 tamen
791 2414 1035 2474 secundo,
1088 2411 1245 2484 Legis
1287 2412 1425 2465 hunc
1463 2412 1715 2480 effectum,
1756 2411 1861 2466 vim
1903 2411 2095 2465 scilicet

303 2591 320 2619 f
339 2592 455 2630 Prael.
475 2603 505 2630 1.
525 2602 658 2642 supra.

306 2661 327 2690 8
343 2656 393 2694 de
411 2655 501 2695 Jur.
515 2655 653 2705 Oblig.
668 2655 784 2693 Prael.
798 2666 827 2693 1.
848 2655 953 2694 Sect.
972 2656 1033 2702 11,
1051 2658 1127 2693 etc.

1264 2592 1286 2620 h
1314 2593 1358 2643 [1
1378 2593 1472 2632 Joh.
1489 2593 1545 2631 iii.
1563 2593 1608 2631 4:
1636 2592 1741 2630 conf.
1761 2603 1881 2641 supra
1899 2591 2014 2630 Prael.
2033 2603 2094 2630 1v.

1214 2658 1319 2697 Sect.
1339 2657 1420 2707 14.]

342 2789 384 2828 5.
452 2783 553 2828 The
572 2783 808 2828 Prodicate
837 2785 891 2836 is,
910 2783 992 2827 the
1020 2783 1289 2842 Obligation
1315 2784 1370 2829 of
1393 2784 1475 2830 the
1499 2784 1764 2830 Conscienco.
1810 2782 1954 2828 What
1982 2782 2094 2829 Con-

253 2855 412 2900 science
436 2855 488 2907 is,
516 2855 599 2900 has
624 2855 746 2900 been
771 2855 1032 2914 explained,
1056 2856 1265 2901 Proelect.
1289 2869 1321 2901 1.

358 2926 613 2984 Obliyation
638 2927 677 2971 is
703 2927 951 2984 explained
980 2928 1031 2970 in
1062 2941 1151 2972 our
1175 2928 1379 2973 author's
1404 2928 1715 2973 Praelectiones
1739 2927 1813 2971 De
1836 2927 2095 2971 Juramenti

261 2997 552 3055 Obliyatione,
577 2998 813 3043 delivered
836 2997 919 3042 the
939 3012 1052 3056 year
1075 2999 1238 3043 before
1259 2999 1406 3044 these.
1484 3000 1559 3044 He
1583 2999 1718 3043 there
1747 2997 1956 3042 remarks
1985 2997 2091 3041 that

255 3068 390 3113 there
411 3083 491 3113 are
514 3074 605 3114 two
625 3069 763 3113 kinds
784 3069 839 3113 of
855 3070 1137 3127 Obligation,
1150 3070 1301 3114 which
1321 3070 1440 3115 have
1460 3071 1583 3115 been
1608 3070 1758 3114 called
1786 3069 2007 3125 Obliyatio
2032 3070 2096 3111 ad

259 3138 453 3196 Culpam
477 3140 571 3183 and
593 3141 816 3197 Obliyatio
841 3142 905 3184 ad
926 3142 1121 3184 Poenam
1137 3158 1152 3184 .-
1185 3142 1455 3198 Obligation
1479 3142 1632 3186 under
1649 3141 1828 3193 Blame,
1848 3139 1942 3182 and
1964 3139 2095 3182 Obli-

256 3210 419 3266 gation
454 3210 605 3253 under
640 3211 870 3268 Penalty;
901 3224 955 3255 or
984 3225 1035 3255 as
1065 3225 1134 3255 we
1165 3211 1334 3256 should
1362 3226 1467 3256 now
1492 3226 1587 3270 say,
1616 3211 1770 3255 Moral
1809 3210 2105 3268 Obligation‚.

257 3279 351 3322 and
375 3280 525 3336 Legal
546 3279 828 3336 Obligation.
895 3278 1001 3336 [We
1022 3282 1165 3338 speak
1184 3281 1298 3326 here
1318 3283 1373 3326 of
1391 3284 1546 3327 Moral
1572 3278 1876 3338 Obligation.]

345 3350 473 3394 First
484 3366 501 3398 ,·
530 3349 684 3393 When
704 3363 773 3393 we
798 3363 880 3408 say
903 3350 1008 3394 that
1027 3351 1109 3395 the
1128 3353 1240 3395 Law
1259 3353 1429 3410 obliyes,
1450 3366 1519 3397 we
1539 3366 1679 3396 mean
1703 3350 1808 3395 that
1832 3351 1870 3394 it
1893 3351 2095 3409 imposes

259 3435 321 3465 on
340 3420 423 3465 the
443 3434 615 3479 person
633 3420 813 3477 subJect
832 3424 882 3464 to
903 3420 941 3464 it
961 3435 1023 3464 an
1045 3421 1314 3480 Obligation
1334 3423 1389 3467 of
1409 3423 1610 3481 obeying
1633 3421 1727 3466 and
1748 3422 1993 3480 observing
2013 3422 2094 3466 the

257 3493 383 3535 Law.
443 3491 486 3535 A
506 3492 617 3535 Law
636 3490 721 3535 has
743 3504 771 3534 a
794 3490 988 3535 twofold
1006 3505 1191 3549 power3
1221 3493 1259 3537 it
1280 3493 1465 3546 directa,
1491 3494 1556 3552 by
1585 3493 1777 3550 making
1811 3493 1983 3537 known
2011 3493 2094 3537 the

259 3563 371 3606 Will
396 3562 450 3607 of
475 3562 557 3607 the
583 3563 824 3620 Lawgiver
838 3577 852 3615 3
882 3563 975 3607 and
996 3563 1033 3606 it
1068 3563 1258 3621 obliges,
1286 3563 1350 3622 by
1373 3564 1564 3622 making
1590 3565 1629 3609 it
1648 3564 1915 3609 blameable
1938 3569 2023 3609 not
2043 3568 2093 3609 to

259 3633 392 3692 obey.

347 3706 443 3749 But
470 3703 700 3763 Secondly,
734 3704 827 3749 this
864 3704 1125 3763 obligatory
1156 3719 1314 3763 power
1345 3706 1384 3751 is
1414 3706 1623 3751 founded
1660 3707 1709 3749 in
1743 3705 1825 3750 the
1856 3706 1968 3750 Will
2003 3706 2097 3750 and

260 3776 427 3820 Power
448 3775 502 3819 of
522 3774 603 3820 the
627 3776 892 3835 Lawgiver3
922 3777 961 3820 it
989 3777 1028 3821 is
1058 3776 1190 3823 these
1226 3777 1378 3822 which
1408 3778 1670 3836 effectively
1700 3777 1867 3835 oblige,
1898 3782 1983 3822 not
2012 3778 2095 3822 the

1778 3861 1927 3913 9--2
