2482 4166
452 255 556 307 330

456 385 692 435 Συνείδησις
724 385 820 433 quid
854 384 906 422 sit
933 385 961 422 i.
986 386 1047 423 17.
1098 383 1334 421 Latinorum

504 448 748 486 conscientia»
765 459 838 497 per
863 448 998 484 omnia
1019 447 1237 496 respondet
1252 447 1280 484 i.
1295 448 1334 484 4.

504 511 678 558 βροτοῖς·
704 509 864 548 ἅπασιν
889 509 978 548 θεός
1005 508 1075 560 (ex
1093 507 1335 558 Menandro)

505 573 547 610 ii.
570 575 608 612 1.

460 634 716 684 Συντήρησις
759 634 856 683 quid
889 634 941 671 sit
963 634 992 672 i.
1022 635 1079 672 12.
1137 633 1337 682 quomodo

507 700 919 748 contradistinguatur
944 698 1174 744 συνειδήσει
1199 699 1251 736 ib.
1295 698 1337 735 in

509 773 557 805 ea
574 762 771 811 principia
788 761 967 810 practica
983 773 1021 798 x.
1041 762 1076 797 1.

882 901 917 938 Τ

460 992 747 1030 TEMPonAms
780 1001 900 1038 poena
934 989 1146 1037 dupliciter
1172 987 1341 1026 sumitur

504 1054 583 1092 viii.
601 1056 664 1091 11.

463 1117 801 1154 TERTULLIANUS
818 1113 1128 1162 praescriptionis
1145 1112 1233 1161 jure
1251 1122 1340 1148 cum

511 1176 744 1214 adversariis
763 1176 847 1224 egit
859 1175 911 1212 iv.
930 1176 976 1213 37

465 1241 768 1278 Testamentum
784 1237 912 1275 instar
926 1237 1027 1285 legis
1044 1240 1105 1274 est
1125 1236 1205 1273 viii.
1224 1237 1287 1273 18.

465 1302 664 1350 Theologi
687 1301 953 1339 intentionem
972 1298 1170 1347 quomodo
1194 1297 1342 1336 intelli-

513 1367 613 1413 gant
629 1363 671 1400 ii.
691 1365 750 1400 11.

467 1428 653 1465 THOMAS
673 1427 886 1472 AQmNAs,
906 1425 956 1462 de
976 1422 1230 1462 Conscientia
1248 1422 1343 1471 quid

514 1490 567 1527 sit
583 1490 625 1526 in
642 1500 789 1538 genere
806 1488 832 1525 i.
852 1489 912 1525 14.

469 1553 633 1590 TURCAE
652 1552 704 1589 vi.
724 1553 787 1587 11.

469 1614 664 1664 Tyrannis
697 1613 808 1649 nulla
842 1623 927 1649 esse
957 1615 1105 1659 potest,
1140 1622 1228 1659 quae
1267 1620 1343 1646 non

518 1676 649 1725 specie
675 1675 727 1713 sit
746 1675 857 1723 justa
874 1687 908 1712 v.
929 1676 991 1712 18.
1041 1672 1260 1722 tyrannidis
1284 1683 1347 1708 ar-

519 1738 621 1777 tium
637 1739 745 1787 apud
763 1737 958 1786 populum
977 1736 1159 1784 exempla
1175 1735 1241 1774 vii.
1263 1736 1321 1772 18.

894 1854 931 1893 U

472 1933 745 1977 V1cncouns‚
766 1931 855 1979 quis
877 1930 928 1968 sit
950 1943 987 1968 x,
1008 1931 1069 1968 22.
1096 1927 1351 1968 Viceeomitis

522 1994 799 2043 wigornensis
815 1994 967 2032 factum
985 1993 1037 2030 ib.

880 260 1090 305 INDEX
1130 260 1449 305 NOMINUM
1486 260 1571 306 ΕΤ
1611 260 1857 304 RERUM.

1418 382 1686 421 Vmonnrlus
1703 382 1919 420 Lirinensis
1936 383 1986 419 iv.
2006 382 2066 420 37.

1418 443 1664 483 Universalia
1673 443 1878 492 principia,
1889 443 1930 480 in
1941 442 2186 491 applicandis
2196 442 2292 479 faci-

1465 508 1514 545 lis
1541 520 1651 546 error
1667 508 1693 545 i.
1712 508 1774 547 26.
1827 519 1949 556 quare
1975 507 2145 544 certiora
2168 506 2294 555 parti-

1469 570 1667 607 cularibus
1683 570 1733 608 iv.
1749 571 1811 608 25.

1419 632 1631 677 Voluntas,
1649 632 1830 680 potentia.
1846 643 1950 669 caeca
1967 635 2028 669 est
2044 631 2099 669 iv.
2118 634 2154 669 2.

1420 694 1631 739 Voluntas,
1677 693 1792 742 Siqm·
1830 696 1871 730 et
1908 693 2153 741 Beneplaciti
2196 705 2294 742 quo-

1468 755 1587 792 modo
1606 754 1794 791 differant
1810 755 1862 791 iv.
1880 755 1942 791 20.
1993 754 2212 792 voluntatis
2229 767 2295 792 ac-

1470 819 1537 855 tus
1559 818 1740 866 sequitur
1756 815 2009 854 conscientiae
2031 816 2229 853 dictamen
2245 817 2296 854 vi.

1470 880 1506 917 5.

1422 944 1543 989 Vota,
1570 954 1708 980 eorum
1725 942 1917 991 obligatio
1946 943 2052 979 unde
2078 954 2115 981 ν.
2134 944 2179 989 2;
2205 954 2244 981 Χ.
2262 944 2298 979 2.

1471 1007 1523 1043 ad
1540 1006 1711 1043 officium
1729 1006 1858 1043 denuo
1876 1005 2058 1053 obligant
2069 1017 2106 1042 v.
2122 1006 2182 1043 10.

1422 1066 1608 1112 Ὕπακόη
1628 1070 1668 1104 et
1688 1066 1883 1116 ὑποταγή
1899 1067 2098 1115 quomodo
2117 1066 2301 1103 differant

1473 1130 1523 1167 vi.
1542 1132 1578 1167 2.

1423 1193 1682 1241 ’Υπόδειγμα
1701 1192 1797 1240 quid
1813 1192 1863 1229 sit
1880 1192 1933 1228 iii.
1949 1193 2008 1230 24.

1424 1252 1666 1302 Ὕποταγῆς
1700 1254 1915 1291 necessitas
1948 1253 2055 1290 unde
2085 1253 2303 1290 deducatur

1474 1328 1499 1353 a
1516 1317 1641 1353 Paulo
1659 1328 1695 1353 v.
1713 1318 1773 1354 11.

1426 1378 1601 1417 Utilitati
1640 1378 1810 1426 publicae
1852 1376 1986 1414 omnia
2027 1377 2304 1426 postponenda

1477 1442 1561 1490 ejus
1578 1442 1636 1479 rei
1653 1441 1880 1489 exemplum
1898 1452 1936 1477 x.
1955 1441 2019 1478 22.

1426 1503 1575 1552 Utopia
1591 1515 1629 1540 x.
1647 1502 1683 1540 7.

1427 1566 1552 1605 UzzAE:
1571 1565 1722 1602 factum
1740 1563 1780 1601 ii.
1803 1564 1866 1602 13.

1848 1777 1880 1813 Ζ

1434 1869 1660 1905 ZAnnucus
1677 1879 1714 1904 v.
1731 1866 1796 1905 26.

1435 1931 1585 1969 Zelotae
1603 1929 1671 1977 qui
1683 1927 1833 1967 fuerint
1849 1927 1888 1965 ii.
1909 1928 1970 1965 15.

1435 1994 1674 2032 Zumonms
1690 1991 1730 2029 ii.
1749 1991 1809 2030 16.
