2482 4166
761 267 1143 314 PRAELEOTIO
1185 268 1476 314 SEPTIMA.
1930 263 2034 314 225

203 400 422 466 apparet
465 393 667 466 imago:
711 396 957 463 Reynum
990 392 1182 446 scilicet
1219 394 1544 456 Electivum„
1579 392 1669 447 ubi
1693 393 1748 447 in
1777 394 2033 449 demortui

202 476 365 548 Regis
392 475 558 529 locum
602 492 767 528 novus
809 474 1034 528 succedit
1063 477 1181 528 Rem
1218 474 1394 527 liberis
1431 474 1608 546 populi
1652 475 1910 547 suffragiis
1938 479 2033 530 eli-

198 560 416 628 9endus.
503 559 632 613 Esse
675 556 758 609 hic
794 558 1000 627 populo
1044 574 1162 609 suas
1206 563 1399 626 parteS‚
1448 575 1637 627 easque
1674 556 1931 630 legitimas
1979 565 2033 611 et

193 640 314 710 jure
355 639 490 692 bono
528 638 625 692 sibi
668 645 1030 709 competenteS‚
1075 637 1275 710 prolixe
1314 638 1570 693 fatemur:
1614 658 1718 692 non
1755 646 1931 692 tamen
1977 646 2033 692 et

199 721 326 774 illud
380 721 634 775 ullatenus
689 720 1014 792 largiendum
1071 738 1348 783 censemUS,
1407 727 1571 775 totam
1627 728 1908 792 propterea
1960 721 2032 774 sic

200 805 352 857 electi
393 806 560 873 Reyis
592 813 912 873 potestatem
941 821 973 856 a
1000 802 1190 874 populo
1219 803 1463 874 pendere,
1502 810 1594 857 aut
1615 806 1818 874 populo
1848 823 2033 875 accep-

202 895 315 938 tam
357 885 484 938 ferri
527 886 731 939 debere.
802 884 960 938 Aliud
988 885 1123 938 enim
1163 891 1242 938 est
1266 896 1589 954 potestatem
1627 886 1851 956 aliquam
1887 886 2032 939 insti-

198 973 379 1030 tuere3
423 966 564 1020 aliud
581 986 874 1037 personam
904 967 991 1037 qui
1035 984 1149 1020 eam
1190 974 1502 1037 potestatem
1532 976 1772 1022 exerceat
1803 968 2030 1040 eligere:

196 1066 291 1101 nec
320 1050 481 1102 aliud
507 1049 684 1111 solum,
712 1049 804 1102 sed
830 1055 883 1102 et
912 1048 1255 1119 (plerumque)
1285 1051 1530 1106 alterius.
1619 1053 1840 1104 Praetor
1868 1053 2031 1104 urba-

196 1149 297 1184 nus
337 1130 483 1184 istius
526 1131 660 1184 villae
697 1131 764 1184 ab
807 1130 1075 1201 oppidanis
1121 1138 1174 1185 et
1224 1132 1678 1205 comburgensibus
1728 1133 1831 1186 suis
1883 1140 2032 1203 quot-

196 1212 342 1265 annis
399 1216 619 1283 eliyitur
641 1235 657 1265 :
715 1213 920 1275 electUS,
969 1215 1409 1282 jurisdictionem
1473 1216 1732 1285 quandam
1804 1223 2029 1278 exercet,

197 1312 352 1364 quam
397 1295 493 1347 nisi
529 1296 599 1349 sic
645 1297 836 1350 electus
868 1295 1048 1349 fuisset
1092 1315 1195 1349 non
1238 1296 1463 1350 licuisset
1502 1298 1550 1350 ei
1589 1316 1849 1361 exercere,
1893 1299 2031 1351 infra

195 1376 441 1447 pomaeria
468 1377 614 1431 istius
642 1377 802 1432 urbis,
880 1379 1047 1431 Penes
1084 1380 1437 1448 Colleyiorum
1472 1380 1627 1433 etiam
1667 1383 1865 1443 Socios,
1906 1399 2033 1451 quo-

195 1458 294 1511 ties
331 1460 693 1530 praefecturam
729 1478 917 1513 vacare
964 1460 1253 1533 contigerit,
1287 1462 1375 1531 jus
1413 1468 1492 1515 est
1528 1464 1762 1531 eliyendi
1797 1465 2030 1532 Proefec-

198 1551 309 1593 tum
326 1562 346 1602 ,·
389 1542 456 1594 ad
496 1560 649 1612 quem
687 1542 759 1594 sic
791 1542 1009 1595 electum
1039 1549 1092 1595 et
1122 1542 1315 1596 virtute
1342 1542 1493 1597 dictae
1523 1544 1799 1607 electioniS,
1831 1550 2032 1614 spectat

194 1622 352 1676 totius
407 1626 637 1693 Colleyii
682 1625 933 1693 reqimen.
1019 1624 1337 1696 Eligentium
1380 1625 1655 1695 utrobique
1690 1626 1777 1696 jus
1822 1626 2032 1680 univer-

194 1722 306 1757 sum
350 1705 405 1757 in
442 1704 550 1758 sola
576 1724 821 1775 personae
864 1708 1233 1776 desiynatione
1272 1714 1526 1770 versatur,
1566 1726 1682 1778 quae
1711 1719 2032 1778 potestatem

193 1786 394 1839 muneri
432 1805 524 1840 suo
571 1794 945 1858 competentem
990 1806 1094 1841 non
1131 1790 1198 1842 ab
1238 1791 1553 1859 eliqentibus
1593 1790 1896 1855 derivatam,
1938 1791 2031 1844 sed

193 1868 399 1922 aliunde
429 1869 525 1923 sibi
554 1888 861 1930 concessam,
897 1877 1153 1926 exerceat.
1241 1873 1426 1942 Neque
1456 1872 1590 1926 enim
1621 1875 1837 1926 Praetor
1852 1876 2032 1942 juris-

194 1952 479 2005 dictionem
509 1971 662 2023 quam
691 1953 743 2004 in
769 1953 899 2006 urbe
926 1960 1133 2006 exercet
1170 1957 1474 2008 concivibus
1509 1955 1612 2007 suis
1649 1955 1738 2024 qui
1765 1956 1933 2025 ipsum
1962 1956 2031 2009 ad

191 2034 478 2104 gerendum
507 2034 866 2106 magistratum
905 2035 1175 2107 elegerunt
1212 2043 1473 2106 acceptam
1516 2036 1649 2100 fert3
1695 2038 1787 2090 sed
1825 2040 2031 2091 chartce

196 2118 396 2184 Reqioe,
438 2116 527 2186 qui
556 2135 650 2187 pro
681 2135 771 2170 suo
795 2117 1113 2187 beneplacito
1150 2117 1360 2171 indulsit
1392 2118 1510 2171 urbi
1538 2119 1643 2172 tale
1669 2119 1994 2192 privilegium
2017 2141 2029 2174 :

194 2214 289 2248 nec
324 2199 547 2267 Colleyii
580 2201 872 2269 praefectus
912 2217 1065 2268 quam
1101 2198 1298 2252 obtinet
1326 2199 1380 2251 in
1412 2200 1640 2273 Collegio
1669 2202 2030 2255 auctoritatem

194 2278 391 2349 accepit
419 2297 451 2331 a
483 2282 643 2333 sociis
672 2298 889 2350 quorum
919 2281 1177 2353 suffragiis
1214 2283 1406 2335 electus
1435 2290 1528 2346 est,
1572 2284 1664 2338 sed
1692 2303 1725 2337 a
1752 2285 2031 2338 fundatore

195 2359 405 2430 ejusque
462 2362 682 2424 statutiS,
742 2362 829 2432 qui
885 2362 1036 2415 istam
1093 2363 1141 2415 ei
1198 2364 1560 2418 auctoritatem
1616 2367 1877 2420 concessit.
1967 2369 2031 2419 In

195 2460 407 2505 summa,
439 2443 527 2495 ubi
545 2446 824 2513 principis
867 2446 1047 2498 electio
1077 2464 1115 2498 α
1145 2448 1348 2516 populo
1391 2453 1482 2500 aut
1517 2447 1717 2519 legibus
1752 2456 1844 2503 aut
1877 2450 2031 2502 mori-

195 2524 291 2576 bus
319 2532 530 2595 recepta
559 2532 652 2588 est,
683 2526 755 2579 ibi
784 2526 1002 2597 populus
1035 2547 1327 2596 personam
1370 2532 1601 2599 reyentis
1643 2530 1883 2603 designat
1922 2531 2032 2602 qui-

196 2605 331 2668 dem,
363 2613 443 2660 ast
472 2609 616 2660 Deus
641 2626 772 2660 unus
801 2608 1001 2662 confert
1030 2613 1250 2679 reyendi
1289 2614 1684 2666 auctoritatem.

322 2689 472 2742 XXI.
562 2690 667 2743 Sed
696 2690 943 2743 donemus
970 2690 1081 2744 istis
1112 2691 1255 2764 vulgi
1284 2691 1587 2762 palponibus
1617 2695 1696 2762 (ut
1734 2713 1913 2748 eorum
1938 2694 2031 2747 im-

196 2770 503 2840 portunitati
533 2771 785 2842 tantisper
815 2772 1185 2844 gratificemur)
1216 2792 1361 2827 suam
1390 2775 1525 2828 hanc
1554 2778 1895 2847 hypothesin:
1932 2796 2031 2830 nec

196 2851 357 2905 hilum
410 2854 763 2923 promoverint
807 2861 997 2918 tamen,
1049 2856 1147 2909 nisi
1193 2863 1246 2909 et
1287 2856 1414 2910 illud
1469 2857 1680 2930 insuper
1727 2859 2029 2932 largiamur,

198 3044 299 3089 The
320 3045 507 3091 citizens
528 3048 649 3092 elect
673 3048 754 3093 the
778 3050 958 3109 Mayor,
978 3051 1064 3095 but
1089 3052 1202 3111 they
1223 3052 1282 3097 do
1309 3058 1393 3098 not
1421 3054 1574 3098 define
1600 3068 1653 3098 or
1677 3054 1936 3099 determine
1960 3054 2033 3099 his

192 3116 502 3172 jurisdiction.
567 3119 668 3162 The
692 3121 888 3165 Fellows
909 3122 964 3165 of
979 3136 1007 3165 a
1034 3123 1221 3180 College
1243 3124 1363 3168 elect
1388 3125 1470 3169 the
1494 3126 1631 3169 Head
1657 3125 1712 3168 of
1727 3125 1808 3170 the
1831 3125 2033 3182 College,

199 3185 302 3228 who
338 3186 447 3230 thus
479 3189 682 3233 receives
722 3190 805 3233 the
840 3205 996 3249 power
1028 3193 1083 3236 of
1121 3196 1380 3252 governing
1419 3195 1500 3244 the
1543 3196 1745 3252 College.
1822 3197 1917 3239 But
1951 3197 2034 3240 the

198 3256 400 3313 Mayor’s
434 3257 731 3313 jurisdiction
763 3261 969 3318 depends
1001 3276 1063 3306 on
1099 3263 1181 3307 the
1219 3264 1443 3318 Charter3
1479 3266 1562 3310 the
1591 3266 1762 3310 Head's
1794 3267 2035 3326 authority

201 3327 408 3383 depends
441 3340 501 3370 on
531 3328 612 3371 the
642 3329 851 3375 Statutes
884 3333 1022 3389 given
1047 3334 1110 3391 by
1140 3334 1223 3378 the
1254 3336 1490 3380 Founder.
1567 3336 1675 3380 And
1705 3351 1770 3389 sc,
1791 3337 1926 3381 when
1952 3338 2035 3382 the

200 3397 403 3441 election
441 3398 494 3442 of
524 3398 607 3442 the
643 3401 813 3445 Prince
849 3402 902 3455 is,
932 3404 994 3461 by
1023 3404 1111 3447 law
1141 3418 1195 3448 or
1228 3411 1424 3459 custom,
1455 3407 1594 3451 made
1628 3407 1693 3465 by
1727 3408 1810 3452 the
1841 3409 2035 3468 People,

201 3468 314 3526 they
336 3468 574 3525 designate
599 3469 680 3514 the
698 3485 868 3529 person
890 3474 944 3517 of
963 3474 1045 3518 the
1069 3476 1230 3529 Ruler,
1250 3476 1337 3520 but
1359 3477 1463 3521 God
1483 3478 1609 3534 gives
1633 3478 1732 3521 him
1751 3479 1824 3523 his
1848 3494 2019 3537 power.

293 3544 364 3582 21.
427 3541 536 3591 But,
557 3543 775 3599 granting
795 3543 898 3587 that
918 3545 999 3589 the
1020 3546 1197 3603 People
1219 3547 1299 3590 did
1318 3549 1422 3605 give
1442 3553 1492 3592 to
1517 3549 1599 3593 the
1626 3550 1889 3596 Governors
1914 3551 2037 3596 their

201 3623 371 3667 power,
392 3610 429 3654 it
455 3611 564 3655 does
589 3617 672 3656 not
697 3614 745 3656 in
771 3613 852 3658 the
872 3615 990 3660 least
1010 3616 1169 3660 follow
1192 3617 1296 3661 that
1320 3619 1434 3677 they
1458 3634 1546 3664 can
1570 3620 1679 3665 take
1699 3622 1737 3665 it
1761 3622 1881 3666 back
1900 3625 2037 3681 again

202 3680 336 3724 when
366 3681 479 3739 they
503 3682 638 3726 think
667 3698 850 3743 proper.
927 3686 1027 3731 The
1052 3687 1201 3732 whole
1227 3689 1356 3734 force
1382 3691 1436 3735 of
1461 3692 1605 3737 Rules
1630 3692 1685 3736 of
1705 3694 1852 3751 Right
1880 3695 2037 3752 points

202 3750 283 3797 the
310 3753 521 3811 opposite
547 3767 660 3812 way.
737 3756 779 3800 A
808 3756 1004 3815 bargain
1038 3772 1155 3803 once
1189 3763 1461 3807 contracted
1490 3768 1661 3809 cannot
1686 3764 1746 3810 be
1776 3766 2034 3811 rescinded.

373 3873 580 3947 [sAND.]
1796 3849 1867 3900 15
