2482 4166
449 254 560 306 322

502 387 556 425 ib.
608 387 844 437 subiectum,
872 388 914 426 ἐν
932 388 964 438 ᾦ
981 389 1114 426 sedem
1133 400 1241 426 suam
1261 389 1331 425 ha-

502 450 585 496 bet,
603 454 665 487 est
682 451 908 488 intellectus
932 452 1144 499 practicus,
1166 462 1245 487 non
1264 463 1332 488 vo-

502 514 636 552 luntas
643 515 692 553 ib.
704 516 766 553 21.
795 514 878 563 ejus
891 516 1089 564 objectum
1103 516 1198 564 quid
1209 515 1262 553 ib.
1271 517 1333 553 22.

504 580 589 629 ejus
618 585 732 619 actus
762 582 948 630 proprius
977 582 1066 630 quis
1093 581 1146 619 ib.
1176 584 1240 625 24,
1269 582 1334 619 25.

503 647 725 684 secundarii
755 647 821 695 qui
852 647 903 685 ib.
932 648 993 685 27.
1037 646 1136 683 1)Εο
1163 646 1334 692 subdita,

503 708 655 746 homini
679 710 841 746 domina
855 709 895 746 ii.
915 711 951 746 1.
1001 709 1197 746 rationem
1214 709 1335 744 habet

503 771 725 819 regulantis
742 774 783 809 et
799 771 972 820 regulati
990 771 1042 808 ib.
1061 773 1097 807 2.
1142 770 1334 818 obligatio

504 833 589 881 ejus
607 834 756 882 duplex
782 834 835 872 ib.
859 835 910 871 iv.
932 835 974 880 13
1001 847 1039 871 x.
1060 835 1095 871 1.
1149 833 1233 881 ejus
1259 832 1334 868 im-

501 897 676 933 mediata
704 897 846 945 regula
875 909 963 945 quae
993 897 1045 934 ib.
1073 898 1110 934 3.
1175 896 1334 944 quando

502 958 658 995 dicatur
673 961 784 995 recta
800 959 877 1005 ib.;
898 959 949 996 iv.
968 961 1008 996 4.
1052 958 1135 1007 ejus
1152 958 1334 994 dominus
1391 971 1397 976 ·

502 1020 609 1057 solus
636 1023 697 1057 est
723 1021 844 1057 Deus
863 1022 935 1067 ib.;
966 1021 1018 1058 iv.
1031 1023 1066 1067 8,
1085 1022 1123 1067 9,
1142 1023 1214 1066 1ος
1240 1032 1277 1057 x.
1296 1022 1332 1057 2.

500 1082 642 1130 regula
669 1082 753 1130 ejus
777 1083 925 1131 duplex
953 1084 1005 1122 iv.
1031 1087 1070 1122 3.
1114 1083 1198 1132 ejus
1227 1084 1332 1120 adae-

501 1147 624 1193 quata
640 1145 782 1194 regula
806 1157 894 1194 quae
912 1146 964 1183 sit
980 1147 1031 1183 iv.
1051 1148 1124 1194 2ος
1150 1159 1185 1184 v,
1208 1148 1242 1192 1,
1262 1148 1333 1192 273

500 1208 553 1244 ix.
585 1210 620 1244 1.
668 1208 850 1256 proxima
882 1210 1023 1258 regula
1056 1210 1105 1248 iv.
1138 1212 1204 1256 12;
1231 1223 1270 1247 x.
1298 1211 1331 1246 1.

500 1270 585 1318 ejus
602 1270 801 1307 rectitudo
819 1271 967 1319 duplex
979 1272 1030 1309 iv.
1051 1273 1090 1309 4.
1142 1272 1226 1320 ejus
1243 1283 1329 1309 mu-

501 1345 577 1370 nus
595 1333 647 1371 ib.
668 1335 705 1371 2.
755 1333 845 1382 cogi
868 1345 949 1370 non
974 1337 1109 1383 potest
1134 1336 1182 1373 iv.
1199 1337 1236 1374 5.
1290 1336 1330 1372 in

501 1396 772 1445 dignoscendo
807 1396 1045 1444 obligatoria
1083 1401 1287 1446 praecepta
1309 1411 1332 1435 a

498 1470 580 1495 non
598 1459 845 1506 obligatoriis
866 1470 970 1507 saepe
988 1459 1155 1496 fluctuet
1173 1471 1331 1497 necesse

499 1523 561 1557 est
586 1521 638 1557 iv.
667 1521 726 1559 16.
781 1521 1060 1559 conscientiam
1084 1522 1124 1558 in
1155 1523 1244 1558 foro
1269 1521 1330 1558 in-

499 1585 615 1619 terno
650 1582 803 1630 obligat
839 1594 919 1619 non
947 1584 1025 1631 lex,
1056 1584 1125 1620 sed
1152 1587 1330 1632 potestas

498 1643 739 1690 legislatoris
779 1645 828 1682 ib.
881 1657 969 1693 quae
1007 1656 1093 1682 eam
1133 1646 1328 1694 obligant,

498 1717 634 1742 eorum
655 1706 803 1753 gradus
827 1709 998 1754 quatuor
1020 1707 1070 1743 iv.
1091 1707 1126 1745 6.
1179 1709 1330 1745 consci-

499 1767 617 1805 entiae
640 1768 724 1804 solo
750 1768 839 1804 Deo
865 1768 1037 1805 minores
1053 1769 1103 1806 iv.
1125 1771 1186 1807 11.
1238 1782 1329 1806 con-

498 1830 673 1867 scientiae
715 1832 864 1866 nostrae
899 1841 980 1866 non
1033 1833 1126 1867 sunt
1166 1831 1329 1868 alterius

492 1891 646 1940 judicio
681 1891 934 1939 subjiciendae
961 1891 1018 1927 iii.
1048 1893 1109 1929 27.
1171 1893 1329 1940 tyranni

497 1953 648 1989 nullam
665 1953 815 1988 habent
831 1952 873 1987 in
897 1962 963 1988 eas
985 1952 1177 1999 ἐξουσίαν
1196 1953 1247 1988 iv.
1267 1955 1326 1990 10.

496 2015 626 2052 inesse
667 2014 893 2051 hominibus
942 2013 1222 2050 conscientiam
1266 2026 1330 2051 res

498 2078 586 2125 ipsa
609 2076 754 2113 clamat
776 2076 827 2113 iv.
849 2077 908 2113 14.
964 2087 1053 2123 quae
1069 2076 1216 2112 violata
1233 2087 1329 2112 con-

497 2139 704 2176 scientiam
734 2139 899 2183 laedunt,
927 2150 974 2174 ea
1001 2137 1183 2185 obligant
1212 2151 1247 2175 v.
1268 2140 1329 2177 24.

497 2201 757 2239 conscientias
787 2200 1058 2237 incertissimae
1093 2200 1173 2248 legi
1207 2201 1328 2249 subji-

498 2276 587 2301 cere
604 2264 659 2300 iii.
684 2265 720 2302 7.
772 2263 879 2311 quod
897 2262 943 2299 fit
962 2262 1160 2299 dubitanti
1178 2262 1329 2299 consci-

499 2326 621 2372 entia,
640 2327 702 2362 est
719 2327 926 2373 peccatum
943 2324 994 2360 vi.
1015 2324 1077 2361 16.
1121 2324 1330 2371 scrupulus

495 2387 593 2424 levis
624 2387 673 2423 de
696 2385 855 2435 justitia
888 2385 989 2434 legis
1017 2387 1330 2423 contemnendus

497 2452 558 2486 est
569 2449 616 2486 vi.
630 2449 693 2487 17.
718 2451 866 2485 tenerae
879 2448 1128 2485 conscientiae
1143 2449 1331 2485 obtentus

497 2522 577 2547 non
589 2514 752 2549 excusat
767 2510 1074 2547 inobedientiam
1094 2510 1143 2547 ib.

452 2572 712 2610 Consuetudo
729 2573 811 2620 legi
829 2572 968 2608 cedere
986 2572 1105 2608 debet
1122 2571 1177 2609 iii.
1195 2574 1254 2610 21.

451 2634 697 2672 Coordinata
733 2637 935 2681 potestas:
982 2633 1066 2682 ejus
1107 2634 1329 2671 inauditum

497 2696 733 2744 figmentum
750 2697 813 2733 vii.
834 2698 894 2732 11.

450 2757 684 2805 Corporatae
701 2757 924 2804 societates,
951 2760 1192 2804 potestatem
1212 2772 1328 2805 νομο-

501 2819 666 2864 θετικήν
690 2820 840 2857 habent
858 2820 1074 2856 derivatam
1092 2820 1142 2856 iv.
1161 2822 1223 2857 28.
1261 2832 1327 2856 ea-

497 2893 587 2918 rum
624 2881 734 2930 leges
776 2881 956 2929 obligant
987 2881 1119 2918 omnia
1151 2882 1329 2918 membra

497 2943 660 2987 directe,
680 2946 832 2979 ceteros
848 2943 1040 2980 indirecte
1058 2943 1110 2979 ib.

451 3006 583 3054 Culpa
604 3006 687 3042 lata
714 3009 756 3042 et
781 3006 895 3042 dolus
913 3006 1040 3042 malus
1058 3017 1138 3042 non
1157 3006 1327 3043 multum

497 3069 648 3106 distant
665 3068 743 3105 viii.
764 3070 799 3108 7.
840 3080 864 3104 a
881 3080 1000 3116 poena
1014 3068 1235 3116 temporali,
1253 3069 1327 3104 im-

498 3131 660 3180 proprie
677 3132 797 3177 dicta,
814 3143 894 3168 non
920 3131 1141 3168 necessario
1159 3131 1329 3167 infertur

498 3193 551 3230 ib.
574 3194 638 3230 14.
665 3204 689 3229 a
706 3204 826 3240 poena
837 3201 877 3229 et
895 3192 1092 3240 spirituali
1110 3193 1328 3229 necessario

499 3255 552 3291 ib.
604 3254 699 3302 quid
717 3254 768 3291 sit
786 3254 838 3292 ib.
857 3256 918 3300 20,
937 3256 996 3290 24.

867 3398 906 3434 D

449 3490 706 3527 DAMAscnm
726 3488 875 3526 dictum
892 3490 918 3527 i.
936 3491 974 3527 8.

448 3553 620 3590 ΒΑΝΙΕΙ.
647 3552 729 3599 legi
757 3552 926 3588 Persicae
953 3555 1061 3589 recte
1089 3563 1167 3588 non
1197 3551 1330 3599 paruit

496 3628 532 3652 v.
551 3614 589 3652 9.

448 3676 657 3724 DAvas,
672 3678 710 3715 ii.
727 3679 796 3724 12;
814 3678 964 3714 factum
977 3676 1062 3725 ejus
1073 3677 1113 3712 in
1130 3675 1246 3712 Saule
1257 3675 1281 3712 i.
1293 3674 1329 3712 6.

499 3739 648 3775 musica
672 3739 937 3775 instrumenta
959 3738 999 3773 in
1029 3738 1218 3773 honorem
1242 3735 1329 3771 Dm

884 262 1095 308 INDEX
1135 264 1454 311 NOMINUM
1494 268 1575 311 ET
1616 269 1861 314 RERUM.

1470 391 1646 428 exercuit
1660 391 1712 429 iii.
1725 394 1784 430 13.
1816 393 2003 441 quicquid
2016 394 2125 441 fecit,
2138 397 2298 443 gratum

1468 454 1618 501 populo
1646 455 1767 492 fuisse
1791 456 1936 493 dieitur
1964 470 2002 494 x.
2028 459 2088 494 11.
2140 458 2298 494 Israeli-

1466 515 1597 549 tarum
1614 513 1712 550 fides
1729 526 1826 563 erga
1840 527 1928 552 eum
1943 516 2016 552 sub
2028 515 2300 564 conjuratione

1469 574 1718 612 Absolonica
1735 576 1787 613 ib.
1807 579 1868 614 14.

1417 636 1622 689 Definitio,
1640 637 1723 685 ejus
1740 639 1952 676 methodus
1969 639 2117 688 duplex
2134 640 2160 677 i.
2181 641 2218 677 2.

1417 698 1685 744 Democratia,
1704 699 1746 735 in
1760 711 1805 736 ea
1815 712 1937 748 penes
1951 712 2050 749 quos
2064 702 2117 738 sit
2135 702 2298 738 Summa

1468 760 1632 807 Imperii
1651 760 1716 797 vii.
1735 761 1773 798 7.
1825 773 1948 809 quare
1976 763 2101 810 possit
2126 762 2298 810 populus

1467 822 1776 859 democraticum
1787 824 1966 871 regimen
1991 827 2235 861 commutare
2255 826 2296 860 in

1468 884 1794 921 Aristocraticum
1821 885 1883 922 vel
1913 886 2214 922 Monarchicum
2242 886 2296 922 ix.

1469 946 1530 983 15.

1417 1006 1760 1054 Dnmosrnmms,
1778 1008 1861 1056 ejus
1875 1008 2154 1045 Rhotacismus
2168 1008 2221 1046 iii.
2237 1011 2296 1046 14.

1467 1069 1565 1117 quid
1584 1069 1715 1118 legem
1735 1070 1841 1107 dicat
1858 1070 1925 1107 vii.
1943 1072 2002 1108 13.

1417 1131 1554 1177 DEUS,
1582 1132 1683 1169 solet
1700 1132 1900 1169 interdum
1922 1132 1963 1168 in
1986 1133 2142 1180 actione
2160 1134 2298 1180 mixta,

1465 1193 1508 1229 id
1528 1193 1655 1230 solum
1677 1194 1784 1242 quod
1804 1193 1844 1229 in
1870 1205 1915 1230 ea
1938 1194 2086 1230 bonum
2111 1198 2171 1231 est
2188 1207 2297 1232 com-

1466 1256 1635 1304 probare
1656 1255 1710 1291 iii.
1728 1256 1766 1294 9.
1816 1255 1922 1291 solus
1950 1255 2071 1292 habet
2101 1256 2297 1293 directum

1463 1318 1504 1353 in
1529 1317 1788 1354 conscientias
1810 1316 2018 1365 imperium
2035 1316 2086 1353 iv.
2105 1319 2150 1364 83
2176 1330 2212 1354 v.
2232 1318 2295 1365 36,

1465 1381 1537 1426 393
1563 1380 1613 1418 vi.
1629 1381 1693 1418 27.
1735 1380 1822 1416 Dm
1838 1380 2021 1416 voluntas
2039 1379 2173 1427 (quam
2192 1381 2297 1429 siqnz'

1464 1442 1625 1490 vocant)
1651 1443 1859 1490 adaequata
1888 1441 2137 1478 conscientiae
2157 1443 2297 1490 regula

1463 1505 1513 1542 iv.
1527 1507 1593 1552 203
1619 1517 1657 1543 v.
1673 1506 1741 1552 273
1767 1518 1805 1541 x.
1824 1506 1861 1543 1.
1888 1504 2032 1542 indidit
2047 1506 2296 1542 conscientiis

1465 1568 1668 1604 hominum
1702 1568 1837 1616 legum
1872 1567 2132 1604 reverentiam
2162 1580 2199 1604 v.
2232 1568 2297 1606 26.

1465 1630 1618 1678 obligat
1659 1629 1938 1666 conscientiam
1979 1629 2030 1664 ad
2076 1629 2295 1676 parendum

1464 1692 1715 1739 magistratui
1750 1692 1802 1729 ib.
1832 1693 1892 1729 40.
1951 1703 1975 1727 a
2007 1691 2119 1736 Dno,
2153 1702 2232 1727 non
2272 1702 2297 1727 a

1464 1754 1629 1801 populo,
1648 1757 1708 1791 est
1723 1754 1951 1801 Principum
1968 1755 2145 1801 potestas
2162 1753 2293 1790 vii.14.

1464 1818 1551 1853 Dm
1578 1818 1772 1866 sapientia
1797 1818 1838 1853 in
1864 1818 2037 1853 humana
2063 1816 2248 1864 superbia
2265 1817 2292 1854 i.

1463 1881 1526 1916 28.
1578 1879 1700 1916 DEus
1724 1890 1827 1915 unus
1851 1878 2077 1926 Legislator
2103 1878 2153 1914 iv.
2173 1878 2215 1923 93
2241 1878 2293 1915 vi.

1461 1942 1523 1979 27.
1575 1941 1674 1978 DEo
1692 1942 1778 1977 solo
1802 1940 1952 1989 cogniti
1977 1943 2071 1976 sunt
2089 1939 2292 1976 conscien-

1463 2004 1608 2040 tiarum
1626 2006 1757 2039 motus
1773 2003 1826 2040 iv.
1844 2004 1903 2040 10.
1953 2001 2042 2038 Dm
2068 2002 2197 2039 cultus
2219 2002 2294 2038 tri-

1462 2065 1621 2113 pliciter
1636 2064 1875 2113 intelligitur
1891 2064 1943 2101 vi.
1959 2064 2018 2102 29.
2059 2063 2146 2100 Dm
2164 2064 2295 2111 gratia

1463 2139 1544 2164 non
1562 2127 1748 2164 defutura
1762 2129 1833 2172 est,
1852 2126 1884 2162 si
1901 2126 1951 2162 ab
1970 2136 2016 2162 ea
2027 2124 2104 2161 toti
2120 2125 2292 2173 pendea-

1463 2201 1551 2226 mus
1568 2189 1622 2226 iii.
1641 2191 1704 2226 22.

1415 2251 1645 2300 Διαιρέσεις
1673 2251 1882 2287 διακονιῶν
1904 2249 2011 2286 inter
2034 2248 2294 2297 Magistratus

1463 2314 1528 2350 vii.
1549 2314 1585 2350 5.

1414 2375 1634 2420 Dialectici,
1652 2374 1759 2422 apud
1776 2384 1843 2410 eos
1869 2373 1975 2409 unde
2002 2372 2174 2420 pendeat
2191 2373 2293 2409 veri-

1463 2442 1525 2475 tas
1542 2435 1825 2485 propositionis
1844 2434 2089 2483 disjunctivae
2107 2434 2184 2470 viii.
2205 2435 2268 2472 23.

1414 2500 1548 2546 Dicta,

1464 2562 1685 2609 Analoqum
1706 2571 1784 2607 per
1807 2570 1848 2596 se
1868 2559 2041 2607 positum
2058 2570 2137 2606 pro
2152 2558 2293 2607 samo-

1512 2624 1616 2660 siore
1651 2623 1874 2671 siqnificato
1909 2625 2015 2658 stare
2044 2620 2293 2668 praesumitur

1512 2699 1549 2723 v.
1569 2687 1608 2722 4.

1463 2748 1514 2784 In
1527 2747 1696 2783 Nomine
1712 2746 1795 2783 Dei
1812 2746 1952 2793 incipit
1968 2757 2075 2782 omne
2091 2745 2234 2781 malum
2250 2745 2290 2783 ii.

1510 2810 1571 2848 16.

1462 2870 1504 2907 Ε
1518 2870 1634 2907 malis
1650 2870 1846 2906 minimum
1862 2869 2078 2917 eliyendum
2090 2869 2131 2906 ii.
2148 2869 2210 2915 17,
2224 2870 2283 2906 20.

1460 2932 1688 2968 Humanum
1704 2935 1760 2968 est
1776 2942 1914 2967 errare
1931 2931 1985 2966 iii.
2006 2931 2067 2967 25.

1462 2994 1568 3032 Bene
1585 2994 1760 3039 curritis,
1785 2992 1855 3029 sed
1869 2996 1983 3028 extra
2000 2991 2104 3027 viam
2120 2990 2161 3027 ii.
2180 2991 2240 3028 16.

1466 3057 1662 3105 Quantum
1674 3056 1810 3092 bonum
1827 3054 2005 3100 intendis,
2021 3057 2169 3091 tantum
2174 3053 2290 3102 facis

1510 3118 1551 3155 ii.
1573 3119 1634 3155 10.

1466 3178 1721 3217 conscientiis
1746 3178 1945 3215 dominari
1968 3177 2064 3214 velle
2088 3179 2145 3213 est
2161 3187 2291 3214 arcem

1512 3242 1597 3278 coeli
1614 3240 1799 3278 invadere
1810 3241 1860 3277 iv.
1878 3242 1939 3276 11.

1461 3303 1688 3341 Necessitas
1704 3314 1779 3338 non
1797 3302 1911 3338 habet
1927 3301 2046 3349 leqem
2062 3313 2102 3337 x.
2121 3302 2181 3338 20.

1462 3365 1572 3402 Muli
1599 3377 1638 3402 se
1664 3368 1794 3401 mutuo
1827 3363 1990 3400 scabunt
2016 3362 2071 3400 iii.
2102 3362 2165 3400 27.
2219 3361 2288 3410 [V.

1510 3426 1723 3464 Forcellini
1741 3426 1836 3463 Lex.
1852 3436 1883 3462 s,
1902 3436 1944 3462 v.
1956 3423 2126 3472 Mutua]

1461 3488 1593 3526 Facta
1617 3490 1757 3534 valent,
1783 3498 1855 3535 que
1870 3487 1970 3534 fieri
1991 3498 2066 3522 non
2092 3485 2225 3522 debent
2240 3485 2289 3522 vi,

1515 3553 1575 3587 12.

1462 3612 1519 3650 ‘ni
1537 3612 1694 3660 α’ρχαῖα
1712 3610 1787 3655 ἤθη
1807 3610 2014 3658 κρατείτω
2032 3610 2085 3646 ix.
2108 3611 2165 3647 13.

1413 3673 1650 3711 Differentia
1667 3672 1828 3709 divisiva
1839 3671 2027 3719 supponit
2039 3682 2165 3718 genus
2183 3670 2288 3718 quod

1464 3736 1602 3772 dividit
1620 3735 1667 3772 vi.
1687 3737 1748 3771 21.
