2482 4166
419 220 488 272 26
808 230 893 274 DE
933 231 1354 277 DEFINITIONE
1398 233 1859 282 OONSGIENTIAE.

419 376 591 411 casum
614 359 748 423 solis,
772 360 980 432 eclipsin
1003 363 1178 426 Lunae,
1202 364 1294 417 Sto.
1349 364 1431 417 De
1457 365 1640 435 quibus
1662 373 1740 420 est
1762 367 1967 438 quidem
1987 371 2243 434 Scientia,

418 443 483 494 ob
514 460 692 495 eorum
722 445 1104 499 certitudinem:
1146 453 1373 499 ceterum
1403 465 1506 500 non
1534 449 1737 502 omnino
1767 451 2028 520 pertinent
2059 461 2150 506 aut
2178 455 2246 507 ad

421 527 836 589 Conscientiam,
866 534 958 580 aut
986 527 1054 580 ad
1082 530 1343 580 Liberum
1368 531 1696 584 Arbitrium.
1787 534 1917 595 Quae
1946 537 2246 604 continyen-

418 617 499 660 ter
528 600 786 671 eveniunt,
818 627 879 661 ea
905 616 998 662 aut
1023 618 1143 662 sunt
1172 613 1281 664 τῶν
1316 608 1408 687 ἐφ’
1441 608 1581 676 ἡμῖν,
1627 616 1665 666 i.
1688 633 1728 667 e.
1774 617 1834 667 in
1861 626 2045 669 nostra
2069 629 2246 687 potes-

417 699 544 752 tate,
575 697 666 743 aut
699 710 802 743 non
832 702 970 744 sunt.
1061 693 1190 755 Quae
1232 711 1337 745 non
1378 705 1502 747 sunt
1540 697 1601 747 in
1642 706 1830 749 nostra
1862 708 2142 766 potestate,
2188 707 2261 753 ut.

417 772 589 824 avium
621 773 835 835 volatuS,
867 780 1044 826 coorta
1072 775 1239 827 subito
1268 782 1562 846 tempestaS,
1596 777 1689 831 &c.
1718 796 1813 830 nec
1841 779 1935 832 sub
1964 782 2246 834 scientiam

417 854 607 907 cadunt
649 863 864 926 propter
906 859 1339 911 incertitudinem
1356 878 1376 919 ,·
1427 877 1536 921 nec,
1582 859 1702 929 quia
1744 872 1899 914 extra
1927 873 2246 932 potestatem

416 947 659 989 nostram
686 938 854 1008 posita
882 946 1016 1001 sunt,
1057 939 1125 992 ad
1164 958 1338 992 curam
1358 948 1603 994 vnostram
1638 943 1917 1012 pertinent,
1965 952 2026 998 ut
2071 946 2136 998 de
2171 946 2245 999 eis

416 1018 688 1089 quicquam
745 1028 837 1073 aut
898 1023 1240 1075 Conscientia
1288 1029 1499 1086 statuat,
1557 1032 1648 1077 aut
1705 1028 2014 1079 Arbitrium
2067 1028 2242 1100 eligat.

415 1102 618 1152 Rursus
647 1104 760 1155 τῶν
801 1099 891 1179 ἐφ’
936 1100 1078 1168 ἡμῖν,
1123 1123 1300 1156 eorum
1340 1125 1457 1175 quae
1498 1109 1559 1158 in
1594 1118 1781 1160 nostra
1809 1120 2076 1178 potestate
2103 1122 2243 1173 sunt,

415 1183 652 1252 quaedam
695 1191 814 1237 sunt
856 1185 1120 1238 moraliter
1161 1197 1356 1239 neutra
1404 1195 1457 1240 et
1502 1182 1796 1266 ἀδιάφορα,
1842 1191 1939 1243 hoc
1987 1199 2081 1254 est,
2129 1211 2245 1263 quae

414 1283 582 1335 neque
611 1266 676 1319 de
704 1284 897 1337 genere
927 1286 1035 1330 suc,
1079 1286 1247 1338 neque
1282 1268 1483 1322 ratione
1520 1270 1734 1341 alicujus
1770 1273 2119 1342 permanentis
2149 1275 2246 1327 cir-

415 1348 734 1401 cumstantiae
765 1349 1026 1403 continent
1062 1350 1116 1402 in
1154 1369 1209 1403 se
1246 1350 1470 1421 aliquam
1515 1354 1804 1407 bonitatem
1845 1362 1936 1408 aut
1971 1358 2245 1410 malitiam

413 1433 686 1493 moralem,
730 1439 789 1484 ut
825 1433 913 1485 Ire
947 1433 999 1485 in
1033 1432 1219 1496 forum,
1265 1434 1504 1487 Scribere
1541 1435 1823 1505 epistolam,
1856 1438 1947 1492 &c.
2027 1440 2099 1491 Et
2143 1439 2245 1493 ista

415 1513 622 1583 quidem
665 1514 928 1585 pertinere
974 1523 1186 1585 possunt
1229 1517 1298 1568 ad
1345 1519 1567 1570 liberum
1601 1520 1939 1583 Arbitrium,'
1972 1520 2015 1573 si
2060 1521 2242 1574 saltem

414 1596 573 1667 digna
619 1596 721 1650 sint
771 1597 836 1650 de
884 1597 1066 1667 quibus
1111 1598 1441 1662 deliberetur,
1493 1600 1613 1670 quia
1659 1602 1843 1654 cadere
1892 1611 2104 1673 possunt
2146 1605 2241 1657 sub

413 1680 661 1732 electione
681 1700 698 1731 .·
737 1680 826 1732 sed
854 1699 956 1731 non
984 1680 1245 1750 pertinent
1279 1700 1373 1752 per
1409 1700 1463 1734 se
1497 1683 1565 1735 ad
1603 1683 2007 1759 Conscientiam.
2098 1689 2241 1740 Dico

407 1780 508 1829 per
535 1780 624 1815 se.-
665 1761 786 1831 quia
819 1762 931 1815 fieri
967 1770 1138 1832 potest
1166 1782 1271 1833 per
1313 1766 1576 1829 accidens,
1611 1766 1812 1819 ratione
1854 1771 2109 1821 scandali
2150 1776 2242 1822 aut

411 1843 625 1895 alterius
649 1844 860 1915 alicujus
887 1847 1324 1909 circumstantiae,
1355 1854 1414 1899 ut
1436 1848 1501 1899 de
1523 1847 1603 1900 his
1625 1848 1780 1901 etiam
1803 1858 2078 1921 cognoscat
2110 1853 2241 1906 Con-

411 1928 652 1979 scientia.
739 1927 857 1979 Alia
872 1946 995 1980 vero
1026 1935 1144 1981 sunt
1165 1930 1446 1982 moraliter
1476 1931 1614 1982 bona
1641 1933 1725 1984 vel
1749 1934 1902 1984 mala
1922 1954 1939 1984 .·
1981 1940 2040 1986 ut
2069 1935 2241 1987 Deum

410 2008 596 2075 colere,
633 2016 875 2079 parentes
911 2010 1183 2073 honorare,
1226 2011 1513 2080 depositum
1549 2013 1786 2076 reddere,
1827 2032 2107 2085 pauperem
2150 2034 2239 2087 op-

408 2090 649 2160 primere,
693 2091 861 2144 aliena
906 2110 1107 2162 rapere,
1158 2092 1312 2145 fidem
1353 2094 1533 2146 fallere
1577 2094 1661 2147 vel
1703 2113 1928 2164 servare,
1969 2105 2023 2151 et
2066 2106 2239 2152 cetera

410 2173 581 2226 omnia
610 2192 725 2243 quae
756 2176 1072 2244 Philosophi
1108 2171 1370 2230 ἐπαινετά
1405 2175 1487 2229 vel
1527 2175 1735 2251 ψεκτᾶ,
1778 2178 1932 2232 laude
1974 2187 2066 2233 aut
2104 2181 2239 2234 vitu-

408 2255 552 2325 perio
584 2256 756 2328 digna,
786 2260 1117 2311 Scliolastici
1143 2258 1408 2311 meritoria
1437 2265 1490 2311 et
1519 2260 1848 2314 demeritoria
1872 2262 2037 2316 solent
2062 2264 2237 2335 appel-

407 2337 533 2392 lare.
611 2340 682 2392 Et
709 2340 844 2392 circa
872 2341 982 2392 haec
1012 2340 1222 2411 proprie
1251 2348 1491 2393 versatur
1528 2343 1878 2398 Conscientia.

530 2422 739 2475 XXIII.
828 2425 1101 2492 Objectum
1122 2441 1249 2495 ergo
1282 2423 1620 2477 Conscientiae
1653 2426 1891 2480 humanae
1919 2434 1999 2482 est
2034 2431 2236 2498 Opera-

406 2612 591 2670 pertain
615 2616 665 2656 to
691 2626 777 2655 our
795 2613 919 2656 Will.
983 2614 1153 2659 Others
1175 2629 1255 2659 are
1276 2616 1523 2673 continyent
1539 2632 1553 2658 .·
1584 2617 1678 2660 and
1699 2617 1755 2661 of
1773 2618 2045 2675 contingent
2064 2618 2235 2676 things,

406 2697 534 2727 some
554 2697 633 2726 are
653 2689 737 2728 not
757 2684 806 2726 in
826 2698 912 2727 our
930 2699 1098 2742 power,
1120 2700 1169 2729 as
1194 2700 1222 2729 a
1247 2692 1467 2743 tempest3
1500 2687 1555 2730 of
1568 2688 1713 2738 these,
1736 2689 1861 2732 since
1881 2688 1995 2746 they
2018 2703 2099 2733 are
2118 2690 2235 2734 both

406 2755 663 2805 uncertain,
699 2755 792 2797 and
817 2756 1134 2813 independent
1162 2757 1217 2800 of
1237 2771 1323 2800 our
1343 2758 1467 2809 Will,
1486 2772 1554 2802 we
1581 2758 1699 2802 have
1723 2759 1908 2802 neither
1929 2760 2122 2804 Science
2146 2775 2234 2805 nor

407 2826 704 2869 Conscience.
768 2826 836 2869 Of
855 2826 935 2870 the
963 2827 1117 2884 things
1142 2828 1293 2871 which
1313 2842 1392 2872 are
1418 2829 1467 2871 in
1488 2843 1573 2872 our
1593 2843 1762 2888 power,
1784 2844 1911 2874 some
1931 2845 2012 2874 are
2036 2833 2235 2890 morally

405 2897 589 2940 neutral
608 2897 702 2940 and
721 2897 1001 2948 indifferent,
1022 2898 1192 2956 having
1216 2900 1265 2942 in
1289 2899 1433 2951 them,
1458 2914 1508 2943 as
1533 2905 1583 2944 to
1609 2901 1732 2944 their
1751 2905 1953 2953 natures,
1971 2903 2167 2960 nothing
2183 2903 2236 2947 ot*

404 2968 553 3011 moral
578 2968 700 3025 good
722 2982 775 3011 or
800 2969 890 3012 evil
906 2985 918 3021 3
950 2983 1014 3021 as,
1045 2974 1094 3013 to
1126 2984 1184 3027 go
1215 2975 1265 3014 to
1290 2970 1372 3014 the
1403 2971 1754 3029 market·place,
1781 2977 1831 3016 to
1865 2973 1996 3017 write
2020 2988 2048 3016 a
2078 2974 2229 3018 letter.

405 3039 556 3083 These
579 3053 659 3082 are
679 3043 871 3083 matters
898 3040 952 3084 of
971 3042 1089 3084 Free
1115 3041 1241 3094 Will,
1260 3042 1346 3086 but
1369 3047 1467 3094 not,
1493 3042 1548 3086 of
1566 3042 1689 3086 their
1713 3057 1815 3086 own
1835 3048 2016 3096 nature,
2037 3049 2231 3090 matters

404 3111 459 3154 of
492 3110 786 3155 Conscience.
845 3112 870 3155 I
904 3126 999 3170 say,
1035 3115 1095 3170 of
1121 3113 1232 3157 their
1275 3129 1375 3157 own
1412 3122 1587 3167 nature,
1624 3114 1713 3167 for,
1745 3114 1795 3157 in
1829 3116 1980 3159 virtue
2018 3116 2072 3159 of
2102 3130 2232 3161 some

402 3178 642 3240 accessory
673 3183 1019 3237 circumstance,
1055 3198 1105 3228 as
1136 3184 1218 3228 the
1246 3186 1550 3243 occasioning
1581 3185 1784 3238 scandal,
1805 3199 1858 3229 or
1877 3185 1959 3230 the
1989 3187 2097 3239 like,
2119 3187 2233 3246 they

402 3268 509 3311 may
528 3254 721 3297 become
735 3259 929 3299 matters
946 3255 1000 3299 of
1016 3256 1310 3300 Conscience.
1355 3256 1504 3300 Other
1519 3262 1616 3301 acts
1637 3271 1717 3301 are
1738 3257 1792 3301 of
1806 3257 1931 3301 their
1949 3270 2050 3302 own
2066 3263 2233 3303 nature

401 3325 524 3382 good
557 3339 610 3369 or
637 3326 754 3378 evi13
786 3340 835 3369 as
870 3331 920 3370 to
957 3327 1155 3385 worship
1194 3328 1312 3380 God,
1340 3333 1390 3372 to
1425 3328 1608 3372 honour
1633 3343 1719 3373 our
1750 3333 1953 3386 parents,
1988 3334 2038 3373 to
2068 3336 2232 3373 return

401 3396 525 3440 what
558 3397 597 3439 is
635 3398 877 3441 entrusted
897 3402 946 3441 to
967 3413 1047 3451 us3
1077 3404 1126 3442 to
1147 3399 1267 3456 keep
1288 3399 1408 3443 saith
1441 3413 1495 3443 or
1523 3405 1573 3444 to
1607 3400 1752 3444 break
1783 3399 1930 3451 faith;
1962 3404 2013 3443 to
2040 3413 2230 3457 oppress

401 3467 483 3510 the
502 3480 645 3524 poor;
675 3469 738 3511 all
757 3469 807 3511 in
826 3469 956 3514 short
979 3470 1084 3515 that
1116 3471 1154 3514 is
1181 3475 1353 3515 matter
1383 3471 1438 3515 of
1461 3471 1614 3529 praise
1639 3484 1693 3515 or
1722 3470 1877 3513 blame
1891 3485 1904 3521 3
1935 3471 2230 3514 meritorious

402 3551 456 3580 or
490 3539 857 3593 demeritorious,
888 3555 937 3585 as
969 3541 1050 3586 the
1083 3542 1352 3586 schoolmen
1383 3542 1552 3600 speak3
1582 3541 1676 3585 and
1707 3541 1851 3584 about
1880 3539 1972 3584 this
1999 3540 2088 3584 last
2113 3542 2229 3585 class

400 3610 620 3666 properly
638 3611 676 3653 is
700 3611 978 3656 Oonscience
1000 3614 1259 3671 employed.

495 3683 564 3722 23.
623 3680 723 3723 The
750 3682 915 3738 ObJect
946 3684 1000 3727 of
1028 3685 1320 3737 Conscience,
1352 3684 1481 3736 then,
1514 3684 1552 3728 is
1576 3681 1725 3726 moral
1749 3682 1918 3735 action,
1949 3682 2070 3726 done
2101 3686 2227 3727 orto

400 3748 462 3792 be
483 3749 632 3800 done3
664 3752 859 3796 omitted
880 3767 933 3797 or
952 3759 1002 3798 to
1022 3755 1082 3799 be
1107 3756 1316 3799 omitted.
1378 3757 1472 3798 But
1491 3755 1529 3797 it
1548 3754 1586 3797 is
1607 3758 1656 3796 to
1676 3753 1736 3797 be
1756 3753 1999 3796 remarked
2026 3753 2129 3797 that
2152 3754 2228 3797 for
