2482 4166
735 280 1121 325 PRAELEOTIO
1165 280 1489 325 SECUNDA:
1958 276 2030 328 47

325 412 452 466 XII.
537 412 928 480 Aryumentum
978 420 1236 480 quartum
1286 408 1506 462 sumitur
1553 427 1585 461 a
1632 409 1789 481 Legis
1842 409 2031 464 divinae

198 494 512 567 perfectione
538 501 592 546 et
620 492 947 565 obligatione.
1037 491 1311 562 Proposita
1349 492 1590 544 nimirum
1624 498 1703 544 est
1741 491 2032 545 hominibus

200 596 233 630 a
259 578 373 629 Deo
402 578 521 629 Lex
538 596 557 636 ,·
601 576 712 628 Lex
736 574 1122 645 perfectissima,
1154 592 1269 643 quae
1298 574 1534 627 facienda
1570 576 1843 644 praecipit,
1887 586 2033 628 vetat

199 677 303 712 non
346 658 595 712 facienda.
681 659 964 711 Indicavit
1007 658 1123 719 tibi,
1173 659 1220 710 Ο
1248 658 1417 717 home,
1449 658 1584 727 quid
1619 659 1693 710 sit
1731 658 1939 719 bonum,
1983 667 2034 711 et

201 743 334 812 quid
371 743 619 811 requirat
661 759 699 793 a
741 751 788 794 te
829 741 1115 802 Dominae,
1159 741 1294 792 Mic.
1324 739 1390 792 vi.
1425 741 1474 792 8.
1547 738 1683 791 Huic
1722 741 1840 808 leyi,
1877 739 2034 808 siqui-

201 825 319 877 dem
347 823 641 876 satisfacere
669 822 883 875 velimus
912 822 1071 873 officio
1100 828 1293 882 nostr0,
1322 839 1596 891 pareamus
1623 829 1843 892 oportet.
1918 823 2034 874 Hac

204 908 310 975 leqe
327 905 585 976 jubemur,
617 905 756 975 quod
784 911 838 957 et
865 903 1053 975 passim
1091 903 1145 956 in
1185 903 1464 973 Scripturis
1505 904 1803 966 inculcatur,
1843 906 2035 957 bonum

201 1006 375 1060 agere,
412 990 618 1041 malum
655 987 853 1059 fugere.
946 986 1097 1049 Quod
1127 986 1169 1039 si
1198 1004 1290 1038 nos
1320 1005 1349 1038 e
1378 993 1573 1050 contra,
1618 986 1706 1039 ubi
1739 987 1886 1039 nobis
1912 987 2035 1056 ipsis

203 1071 368 1124 visum
392 1070 563 1132 fuerit,
605 1072 818 1140 ayenda
831 1071 1222 1139 fuyiendaque,
1268 1088 1454 1139 susque
1484 1070 1651 1139 deque
1688 1069 1865 1122 habita
1893 1072 2036 1139 Leye

204 1155 329 1214 Dei,
359 1172 425 1205 ex
453 1160 629 1206 nostro
658 1152 921 1205 commodo
951 1151 1256 1213 metiamur3
1302 1159 1355 1204 et
1385 1152 1469 1204 vel
1498 1170 1559 1204 ea
1599 1171 1716 1222 quae
1750 1153 1893 1204 Deus
1921 1152 2035 1204 fieri

200 1238 455 1305 praecipit
484 1237 621 1288 bona
666 1241 808 1287 metu
845 1233 1124 1286 insecuturi
1161 1234 1281 1286 inde
1309 1234 1522 1304 alicujus
1550 1234 1670 1286 mali
1704 1237 2031 1297 omittamuS,

207 1317 290 1370 vel
336 1336 397 1370 ea
436 1336 551 1387 quae
589 1317 701 1369 fieri
741 1326 885 1369 vetat
923 1318 1076 1369 mala
1117 1315 1307 1370 intuitu
1336 1316 1639 1387 proventuri
1677 1316 1796 1369 inde
1825 1316 2035 1386 alicujus

205 1399 325 1452 boni
353 1402 710 1453 admittamus
728 1420 745 1451 .·
789 1399 911 1468 quid
940 1399 1038 1450 hoc
1065 1398 1205 1451 aliud
1234 1405 1327 1460 est,
1359 1416 1513 1467 quam
1543 1399 1905 1468 omnipotentis
1933 1398 2036 1451 Dei

205 1499 462 1550 expressae
490 1483 759 1534 voluntati
787 1488 964 1533 nostra
988 1480 1384 1533 homuncionum
1413 1482 1644 1533 consilia
1671 1481 1948 1542 anteferre,
1981 1488 2036 1533 et

196 1565 505 1632 prudentiae
547 1564 733 1615 carnis
777 1568 1087 1632 postponere
1129 1560 1487 1632 sapientissimi
1519 1563 1763 1630 Spiritus
1800 1565 2035 1616 auctori-

206 1654 369 1697 tatem
393 1645 421 1696 ?
501 1645 681 1714 Longe
717 1643 869 1696 aliter
905 1643 987 1695 vir
1020 1650 1225 1695 sanctus
1254 1643 1462 1706 David3
1506 1646 1558 1696 A
1600 1647 1883 1698 mandatis
1926 1648 2037 1698 tuis

203 1727 458 1789 intellexi,
482 1737 774 1796 propterea
802 1727 951 1778 odivi
978 1744 1179 1778 omnem
1207 1728 1356 1779 viam
1378 1728 1642 1796 iniquam,
1677 1729 1880 1781 Psalm.
1901 1728 2033 1780 cxix.

207 1811 331 1871 104,
357 1809 501 1878 quasi
523 1808 675 1870 dicat,
701 1808 909 1860 edoctus
935 1826 964 1861 e
995 1809 1102 1876 leffe
1126 1818 1238 1870 tua,
1268 1810 1405 1878 (quae
1423 1809 1548 1861 mihi
1571 1810 1635 1862 de
1657 1809 1755 1872 die,
1776 1810 1842 1862 de
1868 1817 2034 1873 nocte,

204 1891 258 1943 in
286 1892 440 1944 corde
469 1898 561 1953 est,
592 1890 646 1942 in
675 1909 780 1953 ore,
810 1890 864 1942 in
892 1890 1164 1958 manibuS,)
1195 1909 1310 1960 quae
1341 1890 1465 1943 mihi
1495 1894 1709 1961 ayenda
1739 1899 1858 1945 sunt
1883 1893 2036 1962 plane

204 1973 451 2045 intelligo,
493 1991 709 2043 quaeque
736 1975 1015 2043 fayienda
1036 1993 1052 2025 :
1111 1980 1427 2043 quapropter
1476 1992 1678 2025 omnem
1721 1977 1869 2027 viam
1919 1993 2037 2044 quae

206 2056 309 2127 legi
352 2063 457 2109 tuae
500 2062 842 2108 consentanea
883 2074 987 2107 non
1019 2061 1112 2117 est,
1157 2073 1459 2124 quocunque
1487 2074 1570 2108 me
1598 2056 1812 2108 tandem
1846 2058 2036 2127 perdu-

210 2156 327 2191 cere
356 2138 611 2200 videatur,
656 2156 760 2189 non
796 2139 1004 2190 declino
1048 2137 1226 2199 solum,
1272 2138 1363 2189 sed
1406 2144 1461 2189 et
1506 2141 1612 2190 odi.
1702 2139 1833 2191 Cum
1861 2140 2037 2210 itaque

208 2220 425 2273 vetitum
470 2220 538 2273 sit
578 2222 721 2289 Leye
769 2221 881 2272 Dei
930 2237 1078 2271 omne
1123 2221 1346 2282 malum,
1398 2238 1493 2272 nec
1539 2220 1799 2275 contineat
1844 2241 1906 2276 ea
1956 2225 2038 2276 lece

208 2301 365 2354 ullam
402 2302 750 2372 exceptionem
793 2304 1105 2354 intentionis
1139 2308 1230 2354 aut
1268 2313 1480 2355 eventus
1516 2303 1651 2366 boni,
1697 2322 1790 2357 nec
1827 2305 1893 2358 sit
1927 2308 2038 2359 dis-

211 2387 556 2454 tinyuendum
593 2386 688 2436 ubi
719 2386 800 2437 lex
831 2402 936 2436 non
971 2385 1276 2453 distinquit,
1315 2391 1407 2437 aut
1435 2385 1790 2455 excipiendum
1826 2388 1915 2440 ubi
1953 2389 2038 2441 lex

208 2485 312 2519 non
348 2466 569 2537 excipit:
608 2466 809 2519 omnino
849 2472 1047 2519 constat
1075 2484 1288 2536 peccare
1325 2485 1442 2519 eum
1471 2475 1650 2520 contra
1685 2471 1882 2539 Leqem
1909 2473 2037 2534 Dei,

208 2549 434 2619 quisquis
476 2566 777 2618 quacunque
827 2548 892 2600 de
938 2567 1122 2611 causa,
1175 2566 1478 2620 quacunque
1525 2552 1830 2615 intentione,
1876 2552 2039 2606 sciens

206 2631 330 2683 facit
372 2632 510 2700 quod
551 2633 755 2683 malum
799 2641 889 2683 est.

346 2713 503 2766 XIII.
594 2712 838 2783 Sequitur
896 2724 1269 2782 arqumentum
1333 2716 1596 2783 quintum,
1654 2716 1722 2769 ab
1791 2717 2038 2788 exemplis

207 2813 398 2859 eorum,
444 2795 531 2866 qui
576 2797 699 2849 boni
727 2797 863 2863 finis
906 2796 1136 2859 obtentu,
1181 2814 1423 2866 expresso
1468 2798 1570 2851 Dei
1622 2807 1883 2871 praecepto
1928 2799 2040 2853 ausi

299 2991 367 3030 12.
425 2988 599 3030 Fourth
623 2986 897 3045 Argument.

255 3087 257 3090 .
298 3057 398 3100 The
418 3059 665 3101 command
686 3059 739 3103 of
766 3060 870 3103 God
890 3061 928 3104 is
949 3060 1175 3111 absolute,
1195 3064 1244 3103 to
1266 3059 1435 3103 choose
1455 3058 1537 3102 the
1557 3058 1680 3115 good
1700 3057 1793 3100 and
1817 3058 1937 3101 shun
1956 3057 2040 3103 the

208 3127 297 3171 evil
318 3127 448 3180 (Mic.
471 3129 530 3172 vi.
557 3125 620 3179 8).
685 3131 846 3175 Hence
878 3131 920 3174 if
941 3145 1010 3174 we
1036 3131 1204 3174 ehoose
1225 3132 1316 3173 and
1338 3131 1458 3174 shun
1478 3130 1602 3187 good
1622 3129 1716 3171 and
1741 3129 1830 3172 evil
1851 3130 2039 3173 accord-

207 3198 288 3254 ing
308 3202 358 3240 to
378 3199 562 3242 notions
583 3200 638 3242 of
653 3214 739 3243 our
759 3215 874 3253 own,
893 3216 962 3245 we
981 3202 1152 3245 violate
1175 3202 1315 3245 God's
1336 3201 1437 3253 law,
1458 3201 1552 3244 and
1572 3200 1751 3256 subJect
1771 3199 1852 3243 the
1874 3200 2039 3244 autho-

207 3268 301 3325 rity
334 3267 388 3311 of
418 3268 499 3311 the
533 3270 667 3325 spirit
701 3275 751 3314 to
785 3271 867 3315 the
899 3272 1136 3329 prudence
1174 3272 1228 3316 of
1258 3272 1341 3316 the
1374 3271 1505 3315 flesh.
1569 3271 1658 3314 See
1688 3271 1765 3313 Ps.
1791 3271 1906 3315 cxix.
1934 3276 2035 3316 104.

209 3338 309 3382 The
340 3339 452 3381 Law
484 3338 634 3382 which
663 3340 841 3385 forbids
872 3342 976 3394 evil,
1000 3342 1158 3387 makes
1194 3357 1256 3386 no
1287 3343 1533 3400 exception
1563 3341 1613 3383 in
1635 3340 1801 3384 favour
1832 3341 1886 3385 of
1917 3342 2040 3400 good

207 3409 440 3453 intention
465 3423 518 3453 or
542 3410 664 3467 good
688 3412 847 3456 result.

301 3485 371 3524 13.
431 3482 563 3537 Fifth
592 3481 864 3539 Argument.

299 3551 465 3604 Those,
486 3551 589 3596 who
611 3566 672 3596 on
698 3553 779 3596 the
815 3554 999 3611 ground
1019 3554 1073 3598 of
1088 3569 1116 3598 a
1139 3554 1262 3612 good
1284 3554 1390 3607 end,
1411 3553 1726 3599 contravened
1744 3553 1827 3599 the
1854 3569 2039 3613 express

209 3623 454 3666 command
475 3623 529 3667 of
548 3624 667 3676 God,
689 3638 809 3669 were
832 3625 1089 3684 punished:
1123 3640 1172 3670 as
1196 3625 1308 3669 Saul
1328 3626 1403 3670 for
1423 3625 1611 3684 sparing
1631 3624 1713 3669 the
1732 3626 2034 3674 AmalekiteS.

212 3698 235 3736 1
261 3693 384 3738 Sam.
407 3708 477 3737 xv.

302 3764 509 3824 Perhaps
522 3765 560 3809 it
572 3780 679 3825 may
691 3766 750 3812 be
764 3767 863 3813 said
875 3768 967 3814 this
980 3769 1157 3829 merely
1169 3782 1259 3814 was
1273 3783 1300 3813 a
1311 3772 1498 3829 pretext
1511 3768 1564 3814 of
1574 3768 1699 3824 Saul,
1712 3768 1899 3815 devised
1906 3770 2040 3816 when
