2482 4166
461 265 567 316 294
873 269 1074 316 SALUS
1114 270 1356 316 POPULI
1397 272 1701 318 SUPREMA
1739 274 1882 319 LEX.

462 400 696 455 omnibus
718 399 914 472 jurium
942 402 1204 474 repagulis
1233 402 1473 456 exercitae
1499 403 1552 456 in
1586 404 1819 458 concives
1861 404 2084 458 effraenis
2123 411 2176 459 01
2218 405 2295 459 in-

460 485 632 537 fandae
678 488 1005 554 tyrannidi&
1054 486 1262 539 affectat
1304 486 1358 538 in
1387 486 1630 550 Ecclesia,
1661 488 1715 540 in
1744 488 2042 558 Republicae
2071 488 2293 556 (sublato

462 567 599 619 omni
637 568 899 631 natalium,
935 569 1206 633 honorum,
1253 575 1480 622 statuum
1520 569 1831 639 discrimine)
1850 574 2139 641 paritati&
2171 571 2294 624 alia-

460 667 679 720 rumque
724 668 790 703 ex
832 652 1326 720 Anabaptistarum
1384 650 1553 721 puteis
1601 653 1904 705 haustarum
1951 653 2292 723 impietatum,

460 732 818 803 postulantur:
862 733 960 785 hoc
1008 732 1174 793 unicO,
1227 731 1370 784 velut
1416 732 1616 802 clype0,
1665 750 1821 802 seque
1865 752 2083 803 suosque
2125 753 2294 788 mores

460 821 689 877 tuentur,
737 817 914 869 salute
932 816 1129 884 populi
1144 834 1165 875 ,·
1208 813 1342 866 hanc
1373 815 1590 882 lcyibus,
1619 817 1850 883 reqibus,
1867 816 2104 883 juribus,
2132 819 2295 870 ‘mori-

462 899 574 962 bus,
605 915 762 949 unam
790 896 1042 961 universis
1070 896 1483 965 anteponendam
1510 895 1714 949 scilicet.

583 980 678 1032 VI.
759 981 843 1031 Ex
881 979 978 1030 hoc
1020 984 1128 1031 tam
1163 977 1282 1030 laxo
1323 984 1377 1030 et
1413 977 1697 1048 periculoso
1727 977 1957 1051 vulgaris
1986 978 2109 1034 dicti
2137 979 2295 1034 inter-

459 1066 803 1130 pretamentO,
854 1078 1011 1129 quum
1059 1059 1377 1122 tumultibuS,
1430 1059 1779 1124 seditionibus,
1832 1068 1886 1114 et
1937 1080 2086 1115 omne
2132 1080 2296 1135 genus

458 1142 680 1196 licentiae
723 1142 974 1213 populari,
1019 1160 1124 1194 non
1155 1142 1265 1212 jam
1303 1141 1412 1195 lata
1435 1143 1680 1206 fenestra,
1711 1143 1802 1196 sed
1831 1144 2114 1198 decumana
2141 1145 2296 1216 plane

458 1232 613 1295 porta
650 1225 948 1295 aperiatur:
991 1224 1320 1277 manifestum
1355 1232 1449 1287 est,
1483 1225 1573 1295 qui
1614 1226 1712 1278 hoc
1745 1226 1929 1298 clypeo
1965 1227 2166 1280 nefaria
2203 1245 2297 1280 sua

443 1307 653 1381 ⁴scelera
696 1314 924 1370 tuentur,
967 1325 1071 1359 000
1106 1307 1385 1377 simplicem
1408 1314 1461 1360 et
1487 1307 1763 1379 genuinam
1793 1309 1902 1379 ejus
1944 1308 2066 1363 dicti
2095 1316 2296 1363 senten-

458 1389 585 1442 tiam
613 1390 868 1461 amplecti,
900 1390 993 1442 sed
1030 1389 1251 1442 alienam
1288 1390 1336 1442 ei
1374 1390 1636 1462 affingere,
1677 1408 1795 1461 quae
1830 1391 2007 1462 pravis
2041 1391 2145 1444 suis
2180 1410 2296 1444 con-

459 1472 583 1524 siliis
618 1480 671 1525 et
704 1491 870 1525 causae
902 1491 1005 1525 non
1042 1472 1192 1525 bonae
1232 1472 1480 1542 praebeat,
1525 1491 1591 1525 ex
1631 1480 1807 1525 coacta
1848 1473 2293 1544 interpretatione,

458 1555 678 1624 speciem
721 1554 946 1623 aliquam
988 1554 1274 1625 patrocinii.
1366 1556 1567 1618 Quotus
1610 1555 1745 1608 enim
1789 1555 2003 1626 quisque
2032 1563 2110 1609 est
2134 1556 2296 1609 homi-

457 1654 597 1701 num,
629 1636 709 1689 cui
738 1636 779 1688 si
804 1639 882 1704 (ut
904 1639 1177 1699 avaritia,
1200 1639 1503 1699 ambitioni,
1535 1640 1672 1699 odic,
1704 1640 1864 1691 iroeve
1893 1656 1999 1691 suae
2026 1638 2295 1708 inserviat)

456 1736 542 1771 res
581 1736 744 1771 novas
789 1719 973 1781 moliri,
1019 1725 1072 1772 et
1110 1737 1205 1789 per
1247 1719 1326 1771 fas
1369 1719 1617 1788 nefasque
1654 1719 1951 1783 latrociniiS,
1995 1720 2202 1790 rapiniS,
2242 1728 2296 1774 et

457 1801 869 1854 concussionibus
896 1800 1067 1853 omnia
1096 1800 1352 1871 complere
1380 1800 1624 1863 libuerit;
1657 1819 1760 1853 non
1788 1802 2015 1872 proclive
2044 1802 2145 1855 erit
2172 1802 2294 1855 faci-

457 1883 670 1936 noribus
710 1883 814 1935 suis
854 1890 907 1936 et
940 1883 1155 1953 inceptis
1194 1883 1582 1953 quibuscunque
1610 1883 1822 1936 nefariis
1849 1887 2077 1938 salutem
2101 1887 2294 1955 populi

458 1972 751 2037 praetexere
770 1965 800 2017 ‘3
857 1964 1102 2017 Excutite
1133 1983 1304 2035 quaeso
1335 1964 1505 2017 omnia
1534 1983 1637 2035 qua
1664 1972 1811 2035 patet
1847 1966 1986 2020 orbis
2014 1966 2293 2020 Annalium

456 2055 509 2100 et
538 2047 870 2100 historiarum
899 2046 1245 2109 monimenta3
1290 2064 1570 2109 sacrarum,
1600 2047 2003 2118 prophanarum,
2039 2055 2290 2113 veterum,

454 2130 817 2192 recentiorum,
837 2137 1152 2192 exterarum,
1173 2129 1503 2183 nostratium:
1533 2128 1808 2182 invenietis
1828 2130 1925 2183 hoc
1942 2129 2109 2200 ipsum
2130 2148 2293 2201 usque

456 2219 509 2266 01
530 2231 694 2282 usque
722 2212 997 2275 factitasse,
1029 2213 1124 2265 sub
1155 2212 1335 2265 eodem
1373 2212 1642 2280 libertatis
1678 2218 1731 2264 et
1772 2214 1970 2265 salutis
1998 2214 2295 2282 popularis

454 2302 731 2366 praetextu,
778 2295 1003 2348 omnium
1043 2301 1349 2365 temporum,
1393 2294 1619 2346 omnium
1661 2293 1891 2346 locorum
1933 2296 2206 2349 Catilinas
2240 2301 2295 2351 01

463 2379 744 2448 0011ιο903.·
789 2384 849 2431 ut
876 2372 1161 2450 bpeponem
1201 2378 1380 2430 cordis
1422 2378 1531 2429 loco
1560 2377 1755 2429 habere
1783 2376 2022 2429 videatur
2051 2378 2293 2445 (Tertul-

458 2461 600 2513 liani
640 2461 828 2514 locutio
872 2463 970 2529 est)
1014 2460 1102 2530 qui
1139 2458 1235 2511 sibi
1269 2466 1376 2511 tam
1415 2457 1559 2511 tenui
1596 2459 1712 2510 fuco
1752 2476 1808 2511 os
1838 2459 2023 2511 sublini
2047 2459 2290 2530 patiatur.

458 2542 562 2594 Sed
603 2561 703 2612 quo
747 2562 842 2605 me,
886 2544 1008 2596 dum
1041 2541 1199 2612 justae
1239 2540 1582 2612 indignationi
1609 2540 1728 2593 laxo
1756 2541 2001 2604 habenaS,
2031 2540 2293 2594 incautum

453 2624 629 2693 rapuit
675 2625 1000 2695 tempestas?
1058 2622 1307 2693 Reprimo
1347 2622 1508 2694 igitur
1558 2641 1640 2675 me
1682 2621 1807 2693 jam,
1852 2641 1919 2676 ne
1965 2622 2146 2676 videar
2193 2626 2292 2689 τῆς

456 2702 760 2764 ὑποθέσεως
805 2704 1072 2767 ἐκπεσεῖν,
1100 2712 1153 2757 01
1180 2722 1275 2774 pro
1305 2704 1626 2774 disputatore
1669 2704 2067 2758 declamatorem
2096 2723 2290 2777 agere:

456 2793 511 2839 et
538 2787 606 2839 ad
635 2804 748 2839 rem
776 2786 940 2857 ipsam
967 2786 1169 2838 accedo,

580 2870 706 2923 VII.
793 2868 900 2922 Ubi
925 2868 1053 2921 illud
1081 2866 1329 2938 imprimis
1358 2865 1752 2937 expendendum
1780 2872 1875 2929 est,
1904 2866 2029 2936 quid
2055 2867 2110 2920 in
2149 2867 2286 2920 dicto

989 3053 1007 3079 b
1032 3055 1172 3089 contra
1187 3052 1382 3089 Marcion.
1401 3051 1492 3088 Lib.
1515 3061 1582 3090 lv.
1600 3062 1685 3099 cap.
1704 3051 1766 3087 40.

541 3182 583 3223 6.
648 3178 802 3222 Those
821 3177 924 3222 who
951 3191 1032 3222 use
1052 3177 1133 3222 the
1154 3178 1332 3222 Maxim
1352 3178 1426 3222 for
1451 3177 1566 3222 such
1587 3191 1615 3221 a
1639 3189 1856 3235 purpose,
1875 3179 2063 3234 pervert
2083 3175 2133 3219 it.
2187 3174 2233 3219 It
2253 3175 2291 3219 is

450 3264 559 3308 easy
584 3255 635 3294 to
663 3264 746 3293 use
779 3250 899 3293 “the
934 3250 1098 3307 Safety
1129 3249 1184 3292 of
1205 3250 1287 3293 the
1318 3248 1522 3306 People”
1558 3262 1607 3292 as
1638 3262 1667 3291 a
1697 3252 1884 3306 pretext
1917 3248 1992 3291 for
2016 3246 2292 3298 revolution,

446 3323 624 3378 rapine,
644 3321 737 3364 and
759 3320 1006 3365 extortion.
1071 3321 1158 3365 We
1178 3321 1275 3363 find
1296 3320 1475 3378 history
1494 3320 1584 3363 full
1610 3319 1664 3363 of
1684 3319 1799 3364 such
1820 3319 1999 3370 crImes,
2021 3317 2294 3362 committed

446 3391 511 3449 by
536 3393 617 3436 the
645 3392 866 3435 Gatilines
900 3392 994 3434 and
1028 3391 1315 3448 Cetheguses
1351 3392 1405 3434 of
1436 3391 1500 3434 all
1534 3391 1687 3444 times,
1723 3404 1785 3434 on
1818 3389 1900 3433 the
1925 3393 2109 3447 pretext
2140 3388 2194 3431 of
2212 3387 2293 3431 the

445 3463 640 3521 Liberty
660 3464 755 3506 and
777 3463 940 3520 Safety
961 3463 1015 3506 of
1029 3463 1110 3507 the
1128 3463 1332 3520 People3
1359 3476 1409 3506 so
1430 3461 1534 3505 that
1555 3476 1584 3504 a
1609 3475 1718 3504 man
1738 3465 1863 3503 must
1883 3460 2016 3512 have,
2037 3473 2086 3502 as
2109 3458 2289 3502 Tertul-

447 3532 543 3575 lian
569 3548 685 3591 says,
721 3549 748 3577 a
773 3534 1002 3591 pumpkin
1022 3533 1098 3577 for
1123 3548 1151 3577 a
1175 3533 1299 3576 head
1325 3538 1374 3577 to
1396 3533 1455 3576 be
1475 3533 1619 3576 taken
1639 3532 1688 3575 in
1707 3532 1771 3589 by
1791 3530 1904 3574 such
1929 3530 2132 3588 phrases.
2198 3529 2292 3571 But

445 3603 470 3646 I
495 3604 615 3647 shall
639 3606 838 3649 restrain
868 3619 947 3662 my
972 3605 1277 3661 indignation,
1311 3604 1405 3647 and
1441 3608 1605 3647 return
1636 3607 1686 3646 to
1723 3603 1804 3646 the
1839 3601 2093 3645 discussion
2126 3599 2180 3643 of
2210 3598 2291 3642 the

446 3676 673 3729 question,
699 3676 823 3719 what
847 3677 885 3719 is
911 3675 992 3719 the
1014 3680 1119 3719 true
1138 3676 1311 3732 import
1333 3674 1388 3719 of
1403 3674 1489 3719 the
1505 3673 1695 3729 Maxim,
1722 3673 1858 3718 Salus
1883 3672 2055 3729 Populi
2069 3670 2291 3727 Suprema

453 3743 548 3784 Lea·
561 3745 583 3783 ,9
1693 3761 1696 3762 ’
