2482 4166
658 276 871 320 INDEX
910 273 1229 320 NOMINUM
1270 276 1351 320 ET
1392 276 1638 321 RERUM.

279 400 407 438 Unius
423 398 580 436 habitus
595 398 751 436 unicum
772 402 919 436 tantum
937 409 1017 435 esse
1035 408 1102 434 ac-

320 466 400 499 tum
417 462 441 499 i.
460 464 521 499 24.

271 523 548 560 Dese-eudendo
566 522 753 571 continyit
769 532 907 559 mare
922 522 948 558 i.
967 521 1032 568 263
1051 521 1101 558 iv.

317 587 380 622 25.

272 646 392 684 Salus
409 646 562 694 Populi
580 646 773 694 Suprema
791 647 853 683 lez·
870 658 907 682 x.
930 645 992 684 16.

270 709 385 746 Fieri
400 721 476 746 non
492 709 779 758 debet,sactum
796 709 912 754 valet,
928 709 978 746 vi.
999 710 1058 745 12.

635 826 670 862 Β

220 913 469 952 BAP'rxsts
490 915 715 960 infantium,
742 926 766 951 a
790 915 990 951 modernis
1009 915 1102 951 Sec-

269 977 379 1013 tariis
410 980 669 1025 oppugnatur
686 977 735 1015 iv.
754 979 816 1015 18.
866 978 1103 1025 baptismale

269 1038 401 1074 foedus
420 1038 447 1075 i.
465 1040 540 1086 233
567 1051 604 1074 v.
621 1041 682 1076 10.

220 1099 451 1137 ΒΑΒΝΑΒΑΒ
474 1100 527 1137 D.
552 1101 666 1137 Pauli
693 1112 840 1146 comes,
866 1101 1102 1138 Christianae

267 1161 463 1198 libertatis
493 1166 678 1210 assertor,
705 1163 916 1199 abducitur
942 1162 1102 1199 simula-

267 1224 378 1261 tione
408 1225 578 1262 fratrum
615 1226 671 1262 iii.
699 1228 735 1262 2.
789 1226 878 1262 ideo
914 1237 938 1262 a
974 1226 1101 1262 Paulo

269 1290 430 1324 notatus
448 1287 500 1325 αἱς
517 1289 588 1324 οὐκ
607 1287 842 1335 ὀρθοποδῶν
861 1288 912 1324 ib.
932 1290 970 1326 5.
1021 1299 1100 1324 non

267 1352 482 1397 propterea
498 1350 733 1395 excusatior,
760 1351 868 1399 quod
885 1350 1014 1387 alieno
1032 1362 1101 1387 ex·-

269 1412 401 1459 emplo
421 1413 644 1459 peccaverit
661 1412 714 1449 ib.

218 1473 461 1519 Bmomus,
480 1475 607 1522 qualis
627 1475 680 1511 iii.
699 1476 734 1513 4.

218 1535 435 1582 BAsulus,
465 1537 657 1574 Caesareae
687 1538 923 1586 Episcopus,
953 1541 1103 1587 quanta

267 1598 390 1635 fuerit
413 1599 454 1634 in
482 1598 774 1637 existimatione
797 1601 905 1649 apud
930 1601 1103 1649 aequales

268 1661 325 1698 iii.
344 1662 406 1697 14.

218 1722 511 1761 Beneficiorum
521 1723 695 1771 patroni,
707 1723 748 1759 in
761 1734 897 1760 eorum
910 1723 1103 1761 electione

267 1785 408 1834 populi
426 1796 640 1822 consensus
658 1786 873 1822 involvitur
889 1786 953 1822 vii.
973 1788 1034 1823 24.

223 1847 340 1895 Bona
352 1847 420 1883 ubi
437 1847 522 1883 fieri
539 1848 694 1895 possint
710 1847 814 1884 mala
830 1847 871 1885 ii.
889 1848 928 1887 9.

217 1909 504 1955 BnowmsrAE,
523 1921 657 1947 eorum
676 1910 801 1947 libelli
819 1910 873 1947 iii.
895 1911 958 1947 15.

217 1973 425 2011 Buonnus
442 1973 480 2010 ii.
501 1973 559 2012 16.

218 2035 348 2072 Bullae
381 2047 505 2073 coenae
541 2037 665 2084 leges,
707 2038 760 2073 ob
793 2048 859 2073 eas
893 2039 1104 2075 servandas

267 2109 368 2146 quos
386 2101 579 2134 excusent
596 2098 624 2134 J
626 2098 762 2134 esuitae
780 2098 846 2136 vii.
868 2100 929 2135 13.

217 2159 458 2208 Burgenses,
542 2162 783 2207 potestatem
860 2159 1102 2198 fiduciariam

269 2220 444 2257 Comitia
486 2220 814 2259 Parliamentaria
853 2222 998 2272 legatis
1032 2224 1100 2260 de-

266 2282 495 2319 mandatam
518 2283 738 2331 abrogandi
763 2285 916 2321 nullum
936 2285 1004 2333 jus
1030 2285 1100 2321 ha-

266 2343 366 2379 bent
383 2343 451 2380 vii.
470 2345 534 2381 21.

216 2403 416 2452 By-laws,
456 2405 536 2453 By,
586 2406 821 2444 Saxonicum
866 2409 1100 2446 vocabulum

266 2466 363 2514 quid
380 2467 578 2515 significet
596 2468 675 2505 viii.
695 2470 755 2506 18.
999 2466 1005 2471 '

644 2601 676 2638 C

219 2687 451 2734 CAIAPHAS,
469 2690 727 2737 quamobrem
745 2690 883 2727 Jesum
904 2690 1100 2728 censuerit

265 2754 396 2787 morte
412 2751 662 2788 afficiendum
679 2752 721 2789 ii.
739 2754 804 2790 22.

220 2810 441 2849 CALvmus
458 2813 499 2849 ii.
519 2813 584 2859 173
602 2813 656 2849 iii.
677 2814 737 2852 29.

220 2872 540 2922 Canonicumjus
548 2874 626 2911 viii.
635 2877 694 2913 10.
714 2875 748 2923 ej
754 2887 797 2912 us
806 2876 967 2913 effatum
976 2878 1053 2914 viii.
1063 2880 1099 2916 2.

221 2933 449 2972 Canonistae
481 2936 671 2973 Romanis
701 2937 954 2985 pontificibus
982 2951 1098 2988 para-

266 2996 438 3034 sitantur
470 2997 522 3035 iv.
554 3000 612 3035 11.
664 2999 713 3036 de
748 3000 892 3047 quibus
925 3004 1101 3039 tractent

266 3058 347 3096 viii.
380 3059 417 3098 9.
476 3061 840 3109 promulgationem
870 3073 949 3109 quo
984 3074 1101 3099 sensu

270 3120 486 3156 adhibeant
503 3120 555 3156 ib.
574 3122 610 3156 2.

219 3180 426 3229 Casuistae‚
444 3182 641 3218 inutiliter
656 3182 864 3230 disputant
880 3183 957 3220 viii.
979 3185 1038 3220 10.

219 3242 441 3280 CATILINAE
467 3247 508 3280 et
531 3243 731 3281 Canu-:cu
749 3245 925 3281 omnium
943 3249 1100 3293 tempo-

267 3316 356 3341 rum
374 3317 412 3342 x.
433 3304 471 3343 6.

220 3367 352 3405 Causa
362 3368 563 3415 aequivoca
572 3380 651 3405 non
663 3368 784 3406 infert
795 3369 979 3406 effectum
991 3383 1027 3407 v.
1039 3373 1099 3408 11.

268 3441 474 3467 causarum
491 3431 689 3467 ordinatio
706 3432 759 3469 iv.
771 3433 819 3477 33
836 3431 902 3469 vii.
918 3434 954 3469 2.
982 3444 1101 3469 causa

267 3491 441 3529 efficiens
459 3503 548 3541 quae
577 3493 643 3530 vii.
661 3494 698 3531 8.

229 3555 475 3592 Ceremoniae
514 3567 594 3593 non
623 3567 759 3593 omnes
788 3556 875 3604 pari
903 3556 992 3594 loco
1026 3559 1094 3595 ha-

267 3616 408 3652 bendae
425 3616 477 3653 iv.
496 3617 558 3655 29.

222 3677 443 3716 Cnmsrus
461 3690 541 3726 quo
558 3682 678 3727 gestu
694 3679 862 3726 primam
879 3679 987 3716 illam
1007 3680 1100 3717 Coe-

267 3751 358 3777 nam
377 3740 635 3778 celebraverit
652 3741 704 3777 iii.
726 3742 787 3788 19,
807 3744 869 3779 20.
913 3754 992 3779 non
1012 3754 1101 3780 vere

387 3859 592 3934 [ma]

1967 267 2068 318 321

1238 397 1384 434 dicitur
1399 390 1486 433 'nos
1516 397 1703 434 liberasse
1726 409 1751 434 a
1776 397 1953 447 Legibus
1980 399 2068 436 Dm

1238 458 1417 504 positivis
1449 471 1482 495 v.
1512 460 1572 496 35.
1637 459 1819 496 Cnms'rl
1849 461 1915 496 lex
1941 461 2068 508 qualis

1239 519 1291 555 ix.
1313 519 1349 557 6.
1389 519 1677 567 perfectissima
1697 520 1751 557 ix.
1770 522 1807 557 3.
1850 521 2069 559 Cnmsrus

1236 592 1357 629 quare
1371 581 1626 629 paucissimas
1635 581 1746 629 leges
1759 583 2069 620 ceremoniarum

1236 644 1412 681 ecclesiae
1431 644 1584 681 dederit
1602 644 1653 681 vi.
1670 646 1730 681 31.
1771 645 1993 681 observavit
2009 645 2067 682 le-

1235 716 1307 754 ges
1337 710 1377 743 et
1405 717 1535 743 mores
1566 706 1811 752 Judaeorum‚
1839 718 1928 754 quae
1956 707 2067 743 nullo

1236 768 1398 816 speciali
1411 768 1598 805 mandato
1611 768 1697 805 Dm
1713 768 1993 805 niterenturvi.
2004 770 2066 806 32.

1238 830 1422 868 Cnms'rr
1444 834 1646 878 praecepta
1667 841 1746 879 quo
1769 833 1954 878 respectu
1976 832 2068 867 Mo-

1236 892 1341 929 saica
1357 896 1547 940 superent
1564 892 1614 929 iv.
1635 894 1696 929 34.

1189 955 1439 992 Christianus
1474 967 1524 992 an
1558 959 1600 992 et
1634 959 1833 1003 quatenus
1866 957 2067 1005 obligetur

1235 1017 1407 1065 tempori
1424 1017 1565 1054 cedere
1582 1030 1618 1053 v.
1641 1020 1701 1055 13.
1748 1018 2066 1056 Christianorum

1235 1078 1275 1114 in
1294 1079 1432 1126 primis
1451 1079 1638 1116 Ecclesiae
1662 1080 1803 1116 seculis
1827 1081 1960 1128 praxis
1978 1093 2067 1129 quae

1235 1140 1284 1177 vi.
1313 1143 1353 1178 3.
1407 1141 1643 1178 Christianis
1678 1142 1878 1190 objectum
1914 1143 2067 1180 eonsci-

1237 1203 1355 1241 entiae
1374 1203 1469 1251 quid
1485 1204 1513 1240 i.
1533 1205 1594 1241 23.
1647 1204 1884 1242 Christianae
1912 1206 2067 1254 subjec-

1236 1266 1355 1302 tionis
1388 1266 1613 1311 necessitas,
1648 1267 1791 1314 quibus
1821 1269 2067 1316 argumentis

1234 1327 1414 1364 firmetur
1431 1341 1467 1365 v.
1486 1330 1548 1365 24.
1603 1328 1830 1366 Christiana
1845 1330 2010 1368 libertas
2028 1343 2066 1369 v.

1235 1392 1295 1428 33.
1343 1390 1569 1427 Christiana
1586 1391 1817 1439 simplicitas
1833 1392 1886 1430 iii.
1904 1394 1967 1432 30.

1188 1452 1551 1497 CHRYSOSTOMUS,
1570 1466 1606 1492 v.
1625 1455 1688 1492 25.

1188 1515 1374 1562 Cmnno,
1406 1516 1738 1565 promulgationis
1767 1529 1861 1555 voce
1888 1519 1985 1567 quid
2009 1520 2068 1556 in-

1240 1579 1400 1627 telligat
1419 1579 1500 1617 viii.
1519 1581 1580 1617 22.

1188 1640 1465 1687 eumenus,
1485 1640 1569 1689 ejus
1586 1644 1692 1679 artes
1708 1643 1816 1690 apub
1834 1642 2068 1682 Heraclien-

1236 1714 1297 1739 ses
1315 1703 1378 1740 vii.
1401 1705 1460 1740 18.

1187 1765 1398 1802 coercitiva
1423 1777 1500 1803 vox
1520 1769 1647 1817 magis
1673 1769 1849 1818 propria,
1877 1770 1909 1806 si
1935 1770 2068 1807 analo-

1236 1827 1340 1875 giam
1361 1831 1527 1875 spectes,
1546 1841 1664 1878 quam
1683 1831 1862 1868 coerciva
1879 1833 1927 1869 vi.
1944 1834 1980 1868 2.

1190 1889 1419 1926 Collectivae
1450 1902 1564 1927 voces
1599 1892 1758 1939 quando
1792 1893 1910 1930 aliter
1949 1905 2068 1942 quam

1232 1951 1436 1988 collective
1455 1953 1694 2001 accipiendae
1710 1966 1748 1990 x.
1768 1956 1827 1992 11.

1191 2013 1384 2061 Collegia,
1413 2025 1549 2050 eorum
1585 2018 1737 2052 statuta
1767 2017 1817 2054 vi.
1851 2019 1895 2063 1;
1923 2030 1960 2055 v.
1990 2019 2067 2067 363

1236 2075 1303 2111 vii.
1322 2077 1385 2113 28.
1436 2087 1573 2112 eorum
1587 2077 1766 2125 regimen
1784 2078 1852 2117 vii.
1870 2080 1907 2116 7.
1959 2080 2068 2117 Prae-

1235 2138 1364 2174 fectus
1382 2149 1518 2175 eorum
1533 2140 1811 2177 auctoritatem
1824 2152 1903 2178 non
1916 2153 1941 2178 a
1953 2143 2069 2180 sociis

1236 2200 1305 2236 sed
1335 2211 1359 2236 a
1382 2200 1595 2236 fundatore
1627 2204 1831 2250 acceptam
1861 2203 1982 2241 habet
2005 2205 2067 2242 vii.

1235 2263 1300 2300 20.
1351 2263 1472 2300 semel
1490 2263 1618 2301 electo
1636 2265 1732 2302 socii
1748 2266 1908 2304 subesse
1925 2270 2066 2304 tenen-

1235 2330 1302 2364 tur
1318 2328 1380 2366 vii.
1398 2330 1459 2364 21.

1188 2388 1495 2427 Communitatis
1512 2394 1634 2440 capnt
1651 2393 1716 2430 vii.
1735 2393 1771 2431 6.

1187 2451 1423 2498 Concilium,
1447 2453 1739 2502 Tridentinum,
1767 2456 1852 2505 ejus
1878 2456 1990 2505 leges
2017 2460 2068 2495 ad

1235 2525 1335 2562 quos
1365 2526 1443 2551 non
1469 2516 1696 2563 pertineant
1726 2518 1790 2556 vii.
1806 2520 1866 2556 13.
1921 2520 2067 2556 Hiero-

1234 2577 1527 2625 solymitanum,
1569 2578 1680 2626 ejus¹
1695 2581 1857 2618 decreta
1890 2582 2067 2619 Pseudo-

1235 2639 1425 2687 Apostoli
1442 2640 1642 2678 violarunt
1659 2654 1697 2680 v.
1716 2644 1779 2680 33.

1186 2700 1451 2747 Conscientia,
1480 2702 1619 2740 Graece
1638 2704 1864 2749 συνείδησις
1889 2706 1915 2743 i.
1928 2708 1963 2743 4.
1983 2707 2067 2756 ejus

1234 2763 1410 2800 definitio
1436 2764 1488 2801 ib.
1516 2766 1552 2810 2,
1578 2767 1639 2803 13.
1692 2766 1776 2815 ejus
1802 2767 1859 2804 vis
1887 2769 1913 2806 i.
1935 2770 1982 2816 13
2011 2770 2063 2807 iv.

1234 2824 1293 2859 14.
1344 2834 1368 2859 a
1384 2823 1584 2872 plerisque
1608 2825 1792 2873 ignorata
1816 2827 1868 2864 ib.
1888 2829 1933 2874 13
1960 2829 2066 2865 unde

1233 2884 1432 2922 derivetur
1450 2885 1503 2924 ib.
1520 2887 1566 2932 43
1592 2897 1681 2934 quae
1696 2898 1783 2924 eam
1800 2889 1963 2936 praecise
1982 2890 2064 2938 sig-

1232 2946 1381 2992 nificet,
1399 2947 1510 2984 deest
1527 2959 1603 2984 vox
1621 2948 1793 2985 Hebraea
1808 2949 1836 2986 i.
1854 2952 1890 2987 3.
1926 2951 2066 2988 Graece

1232 3008 1442 3056 aliquoties
1456 3020 1528 3056 per
1538 3022 1573 3045 v.
1593 3010 1740 3056 καρδία
1756 3012 2005 3059 exprimitur,
2025 3017 2066 3050 et

1233 3082 1305 3118 per
1346 3070 1523 3117 Spiritus
1556 3071 1609 3107 ib.
1644 3074 1685 3108 4.
1745 3072 1858 3120 origo
1896 3075 2066 3111 nominis

1234 3131 1285 3167 ib.
1339 3131 1551 3179 dupliciter
1578 3132 1748 3169 sumitur
1770 3133 1820 3169 ib.
1850 3135 1887 3171 8.
1933 3135 2064 3184 tripli-

1233 3193 1332 3229 citer
1348 3192 1400 3230 ib.
1423 3194 1483 3230 10.
1535 3192 1620 3241 ejus
1634 3193 1832 3231 discursus
1849 3196 1966 3233 unico
1985 3199 2065 3246 syl-

1233 3251 1402 3299 logismo
1419 3251 1594 3299 practico
1608 3253 1915 3299 comprehensus
1932 3255 1983 3292 ih.
2002 3259 2063 3293 11.

1234 3316 1405 3360 quatuor
1418 3313 1545 3349 modis
1558 3313 1750 3361 accipitur
1761 3314 1812 3351 ib.
1821 3317 1879 3352 12.
1902 3318 2063 3365 proprie

1234 3374 1340 3410 dicta
1358 3374 1454 3421 quid
1472 3374 1525 3411 ib.
1546 3376 1606 3411 13.
1645 3386 1767 3422 quare
1784 3387 1863 3412 non
1882 3377 1934 3414 sit
1951 3382 2063 3415 actus

1233 3436 1283 3474 ib.
1317 3438 1377 3473 14.
1445 3437 1664 3484 potentiam
1696 3448 1781 3474 esse
1815 3442 2064 3479 contendunt

1233 3492 1435 3533 Neoterici
1448 3497 1499 3534 ib.
1513 3499 1573 3534 15.
1591 3498 1784 3544 habitum,
1800 3501 2025 3539 subtiliores
2040 3516 2062 3540 e

1234 3559 1484 3596 Scholasticis
1501 3560 1551 3597 ib.
1563 3561 1622 3598 16.
1650 3561 1726 3598 dici
1738 3566 1871 3609 potest
1882 3566 2064 3612 potentia

1233 3617 1283 3654 ib.
1295 3620 1354 3654 17.
1382 3621 1443 3654 est
1455 3618 1613 3655 habitus
1626 3620 1770 3667 partim
1785 3621 1956 3668 innatus,
1969 3635 2062 3672 par-

1235 3680 1306 3716 tim
1318 3680 1533 3728 acquisitus
1544 3680 1595 3717 ib.
1610 3682 1670 3720 19.
1690 3682 1773 3729 ejus
1785 3684 2004 3731 subjectum
2017 3688 2063 3724 οὗ

1234 3742 1286 3779 ib.
1308 3744 1366 3779 20.
1393 3743 1509 3791 lapsu
1527 3744 1669 3781 amissa
1686 3748 1746 3782 est
1763 3745 1846 3793 ejus
1864 3749 2060 3787 rectitudo

1741 3827 1806 3878 21
