2482 4166
606 565 1199 634 PRAELECTIO
1266 567 1678 638 DECIMA.

391 743 464 787 IN
506 741 651 797 QUA,
690 742 1362 789 PERVULGATISSIMUM
1402 744 1600 789 ILLUD
1641 743 1910 797 DIGTUM,

603 857 821 904 SALUS
855 859 1123 904 POPULI
1157 857 1490 904 SUPREMA
1530 859 1691 912 LEX,

312 972 401 1017 UT
452 973 552 1017 SIT
601 973 809 1018 RECTE
860 974 1421 1026 INTELLIGENDUM,
1470 974 1687 1019 PAULO
1737 974 1969 1020 FUSIUS

628 1059 1064 1105 EXAMINATUR
1104 1061 1187 1104 ET
1227 1060 1657 1110 EXPLIOATUR.

818 1259 869 1263 ,-.-
873 1259 1444 1268 *m——ffl-

966 1414 991 1462 1
1020 1416 1135 1464 ΤΙΜ.
1174 1414 1247 1463 ΙΙ.
1282 1416 1329 1463 2.

230 1520 396 1568 ...Pro
432 1520 654 1582 chibas,
683 1529 725 1568 ct
757 1520 976 1568 omnibus
1008 1521 1091 1582 qui
1126 1522 1178 1567 in
1207 1521 1516 1570 Sublimitatc
1549 1521 1793 1569 constituti
1825 1531 1970 1569 sant.-
2010 1532 2066 1569 ut

355 1599 563 1660 quietam
609 1607 651 1646 ct
698 1599 1018 1660 tranquillam
1066 1598 1218 1646 vitam
1265 1615 1467 1663 ayamus
1517 1599 1573 1646 in
1620 1600 1754 1647 omni
1790 1600 1971 1665 pietate
2022 1609 2066 1647 ct

355 1678 599 1724 honestate.

223 1801 266 1853 Ι.
421 1801 473 1852 N
477 1800 903 1854 STITUERAM
933 1819 997 1854 ex
1026 1800 1124 1854 hoc
1151 1799 1279 1865 loco,
1318 1800 1361 1854 si
1397 1800 1533 1855 forte
1562 1801 1877 1866 meministiS,
1909 1803 2062 1857 bene-

468 1883 572 1937 voli
616 1883 892 1947 auditoreS‚
946 1884 1013 1937 de
1064 1891 1285 1955 utraque
1335 1887 1671 1939 conscientiae
1721 1888 2060 1955 obliyationc‚

222 1965 442 2037 passiva,
486 1966 756 2036 activaque
789 1966 985 2037 justam
1015 1968 1391 2020 tractationem.
1471 1969 1534 2019 In
1568 1967 1742 2038 priore
1770 1968 1859 2021 illa
1902 1969 2063 2040 expli-

223 2049 401 2112 canda,
441 2055 559 2120 post
594 2068 857 2102 excussam
892 2048 1058 2120 primo
1092 2048 1203 2101 loco
1239 2056 1292 2102 et
1336 2049 1646 2102 Scholastico
1683 2069 1826 2104 more
1863 2054 2062 2105 consci-

224 2134 380 2185 entiae
409 2134 784 2200 definitionem,
824 2131 879 2184 in
907 2131 1308 2203 pervestiganda
1335 2132 1549 2203 propria
1585 2132 1675 2185 illa
1699 2139 1753 2186 et
1787 2134 2063 2204 adaequata

224 2216 558 2268 conscientiae
589 2215 795 2283 reyula,
829 2212 971 2283 cujus
992 2232 1054 2266 ex
1077 2214 1378 2285 praescripto
1406 2233 1582 2268 omnes
1610 2221 1663 2268 et
1691 2215 1919 2288 singulos
1944 2235 2063 2270 suos

222 2303 334 2350 tum
372 2298 624 2349 dictandi
663 2303 774 2350 tum
802 2298 1102 2365 judicandi
1136 2303 1281 2350 actus
1321 2316 1564 2351 exercere
1602 2297 1810 2366 debeat,
1851 2317 2062 2370 operam

222 2378 484 2450 insumpsi.
546 2380 822 2433 Ostensum
850 2378 921 2432 ibi
949 2386 1071 2432 tunc
1100 2397 1210 2432 esse
1229 2379 1434 2450 quidem
1458 2383 1813 2451 Scripturam
1841 2401 2061 2435 sacram

223 2462 333 2533 ejus
361 2480 513 2532 quam
549 2462 907 2532 quaerebamus
942 2464 1141 2532 reyulae
1176 2463 1490 2534 praecipuam
1532 2470 1767 2535 partem:
1806 2472 1889 2518 ast
1922 2465 2060 2518 adae-

223 2550 432 2615 quatam
455 2562 566 2598 esse
587 2546 913 2598 voluntatem
930 2547 1055 2609 Dei,
1080 2546 1254 2615 (quam
1277 2548 1423 2616 siyni
1444 2548 1666 2615 vocant,)
1685 2545 1846 2599 cuivis
1867 2546 2062 2600 homini

172 2635 193 2676 1
223 2626 646 2697 qualitercunque
674 2627 1000 2698 patefactam.
1090 2627 1212 2680 Sive
1232 2631 1478 2698 primum
1507 2631 1705 2682 lumine
1733 2631 1923 2683 innato
1939 2650 1959 2691 ;
1995 2648 2061 2682 ex

222 2710 485 2781 principiis
521 2709 759 2781 practicis
801 2709 856 2762 in
897 2709 1168 2782 Synteresi
1211 2710 1525 2764 conservatis
1569 2718 1623 2764 et
1661 2729 1757 2782 per
1795 2730 1851 2765 se
1892 2711 2059 2765 notis:

222 2810 351 2862 quas
372 2792 672 2864 Philosophi
696 2789 867 2852 κοινάς
895 2788 1108 2856 ἐννοίας,
1137 2799 1192 2846 et
1221 2789 1533 2870 προλήψεις
1556 2791 1805 2872 φυσικάς,
1837 2794 2060 2866 Aposto-

220 2875 301 2928 lus
340 2877 500 2946 chcm
529 2878 639 2929 Dei
667 2878 727 2928 in
765 2877 1016 2929 cordibus
1052 2878 1253 2929 nostris
1288 2879 1553 2946 scriptam
1588 2877 1847 2930 dixerunt.
1938 2877 2061 2931 Sive

166 2965 196 3007 2
221 2961 463 3021 secundo,
507 2959 705 3012 lumine
742 2960 901 3011 illato
918 2978 938 3019 ;
981 2975 1076 3028 per
1115 2964 1383 3011 externam
1423 2959 1823 3012 revelationem:
1867 2959 2060 3029 partim

222 3043 726 3094 extraordinariam
755 3047 808 3093 et
836 3040 1093 3110 privatam
1122 3040 1468 3111 singularibus
1497 3040 1800 3109 quibusdam
1827 3041 2060 3110 personis

221 3140 317 3193 per
345 3125 589 3184 visiones,
631 3124 856 3183 somnia,
894 3132 988 3174 etc.
1025 3124 1374 3197 ειπολυμερῶς
1407 3120 1494 3176 καὶ
1525 3118 1910 3197 πολυτρόπως,
1937 3140 2057 3193 par-

221 3203 315 3256 tim
344 3205 688 3256 ordinariam
716 3209 769 3255 et
797 3202 1055 3272 publicam
1083 3203 1320 3256 universo
1349 3203 1531 3275 generi
1567 3205 1792 3257 humano
1821 3204 1874 3256 in
1901 3206 2057 3258 verbo

168 3294 199 3335 3
223 3288 438 3355 scripto,
528 3284 648 3338 Sive
678 3284 898 3354 denique
929 3286 1125 3338 lumine
1152 3288 1419 3355 acquisito
1437 3308 1456 3347 ,·
1498 3303 1593 3357 per
1621 3286 1966 3339 conclusiones
1992 3305 2059 3339 ex

213 3368 516 3439 principiis
548 3366 647 3419 illis
681 3365 934 3437 practiciS,
975 3373 1066 3419 aut
1098 3385 1127 3419 e
1155 3369 1310 3421 verbo
1346 3370 1456 3421 Dei
1488 3368 1696 3438 scriptO,
1721 3368 1805 3422 vel
1844 3368 2058 3440 propria

222 3449 572 3513 meditatione,
599 3449 682 3502 vel
708 3448 1027 3502 institutione
1055 3448 1223 3502 aliena
1251 3449 1353 3502 rite
1383 3456 1437 3503 et
1464 3449 1692 3522 legitime
1722 3457 1910 3505 erutaS.
2049 3509 2057 3517 ,

687 3633 704 3653 a
732 3626 816 3676 [Ex
832 3627 962 3676 Epist.
980 3627 1031 3664 ad
1054 3627 1255 3675 Hebraeos,
1273 3639 1359 3677 cap.
1377 3628 1404 3666 i.
1422 3640 1521 3669 vers,
1533 3630 1590 3678 1.]

315 3763 355 3801 1.
418 3756 796 3816 Recapitulation
818 3756 871 3801 of
890 3757 1097 3801 Praelect.
1121 3769 1184 3801 1v.
1203 3773 1216 3809 ;

393 3878 599 3953 [SAND]
1732 3842 1802 3895 19
