2482 4166
444 254 552 306 328

445 386 613 425 Pietatis
629 388 769 426 alienae
787 401 972 428 mensura
990 404 1079 440 quae
1095 393 1149 429 iii.
1168 393 1231 431 26.

445 449 737 495 mmmm-rus,
771 452 857 501 ejus
882 457 987 490 artes
1017 455 1123 502 apud
1150 455 1321 492 Atheni-

494 523 608 549 neses
624 512 688 549 vii.
708 515 770 551 18.

444 575 612 619 ποίησις
645 578 687 612 et
720 576 881 624 ποίημα
911 578 1110 625 quomodo
1136 579 1321 617 differant

493 638 547 674 ix.
576 640 635 676 10.

443 699 579 738 Poenae
605 703 781 741 definitio
807 705 885 742 viii.
914 708 972 743 12.
1024 707 1244 754 quotuplex
1268 707 1320 744 sit

491 763 543 800 ib.
592 764 676 813 ejus
710 767 941 804 constitutio
967 780 1018 804 an
1044 769 1243 816 pertineat
1268 770 1319 806 ad

490 824 592 872 legis
610 827 820 863 essentiam
838 828 888 865 ib.
908 830 967 865 10.
1018 828 1100 876 legi
1116 840 1215 876 pure
1232 841 1318 877 poe-

491 886 573 922 nali
589 888 773 935 apposita
788 889 1004 937 improprie
1029 901 1150 937 poena
1174 891 1319 927 dicitur

489 947 542 985 ib.
560 950 621 985 22.
663 961 791 996 poenae
809 951 1000 999 obligatio
1014 953 1205 1000 praecepti
1217 953 1317 989 obli-

490 1011 694 1057 gationem
713 1023 790 1047 non
815 1012 1006 1050 invalidat
1027 1013 1105 1049 viii.
1124 1015 1187 1050 24.
1229 1026 1317 1061 poe-

486 1083 579 1107 nam
620 1072 751 1109 subire
782 1077 978 1120 quatenus
1011 1078 1195 1112 teneatur
1227 1088 1318 1113 reus

490 1134 542 1171 ib.
558 1134 618 1171 25.
663 1146 783 1182 poena
795 1135 907 1184 justa
925 1137 1047 1183 nulla,
1065 1137 1140 1174 nisi
1163 1139 1214 1175 ob
1233 1140 1317 1175 cul-

488 1206 581 1242 pam
598 1195 654 1232 ib.
671 1197 734 1234 20.

440 1258 599 1295 Politici
616 1259 831 1307 regiminis,
845 1261 933 1309 quis
947 1261 1035 1299 finis
1049 1276 1084 1300 v.
1098 1263 1166 1310 193
1185 1264 1235 1300 vi.
1251 1265 1320 1311 113

489 1321 543 1357 ix.
563 1322 622 1359 15.
665 1322 749 1370 ejus
766 1323 957 1360 beneficia
972 1325 1027 1363 ib.
1045 1326 1105 1363 25.
1148 1327 1318 1363 formam

487 1394 539 1420 an
558 1386 599 1420 et
612 1387 808 1432 quatenus
825 1386 944 1423 liceat
956 1387 1166 1425 immutare
1184 1389 1236 1425 ib.
1256 1390 1315 1426 15.

489 1448 652 1496 politica
685 1449 902 1487 dominatio
932 1452 1072 1499 patriae
1107 1454 1317 1500 potestatis

487 1521 669 1558 propago
686 1511 751 1547 vii.
770 1512 831 1550 16.

439 1568 668 1606 Pon'rmnx
679 1570 896 1617 Romanus,
908 1572 991 1620 ejus
1003 1573 1043 1609 in
1057 1575 1316 1613 conscientias

487 1631 692 1667 hominum
707 1633 884 1680 tyrannis
895 1634 1038 1671 merito
1052 1646 1171 1672 exosa
1183 1637 1239 1674 iii.
1252 1640 1314 1676 28.

489 1693 748 1730 OEcumenica
765 1694 848 1742 ejus
858 1698 1035 1742 potestas
1046 1697 1098 1734 iii.
1115 1700 1158 1744 43
1176 1699 1241 1737 vii.
1252 1702 1314 1744 13,

487 1754 550 1792 29.
599 1754 859 1792 infallibilitas
893 1757 947 1794 iii.
977 1759 1013 1804 4,
1043 1760 1103 1796 28.
1156 1760 1317 1809 Jupiter

487 1814 708 1852 Lateranus
724 1816 777 1854 vi.
796 1819 856 1854 12.
936 1827 938 1829 ·

439 1876 639 1915 Pontificii
668 1891 747 1926 quo
776 1891 894 1917 sensu
919 1883 1156 1930 perfectioni
1182 1885 1316 1934 Scrip-

486 1943 588 1976 turae
623 1941 819 1990 derogent
848 1943 898 1980 iv.
928 1945 989 1983 19.
1042 1945 1204 1983 clericos
1232 1949 1315 1984 exi-

486 2006 603 2039 munt
630 2003 754 2040 civilis
771 2005 1029 2053 magistratus
1039 2006 1316 2055 jurisdictione

486 2063 549 2102 vii.
567 2064 630 2103 29.
683 2065 779 2118 quid
799 2066 902 2114 juris
928 2072 1106 2105 asserant
1132 2070 1316 2108 Pontifici

485 2126 538 2163 ib.
573 2138 713 2175 parum
732 2128 917 2166 deferunt
933 2130 1097 2167 Rationi
1114 2132 1165 2170 iv.
1184 2134 1248 2172 35.

436 2188 629 2237 Populus,
650 2191 861 2238 dupliciter
878 2196 1012 2241 potest
1030 2195 1156 2243 accipi
1177 2196 1231 2234 ix.
1250 2197 1317 2244 163

485 2263 525 2287 x.
545 2253 604 2289 10.
643 2253 782 2300 populi
797 2265 1011 2292 consensus
1028 2268 1079 2293 an
1090 2258 1317 2305 requiratur

485 2313 536 2349 ad
560 2313 662 2362 legis
687 2315 972 2363 obligationem
997 2318 1060 2355 vii.
1082 2320 1142 2365 13,
1160 2322 1222 2358 23.
1275 2325 1316 2359 et

485 2388 604 2424 quam
623 2378 673 2414 ob
685 2390 841 2415 causam
860 2379 910 2416 ib.
934 2382 995 2425 14,
1013 2384 1075 2418 22.
1117 2382 1160 2418 in
1178 2384 1315 2421 confe-

485 2439 610 2475 renda
628 2440 975 2488 Regia'potestate
993 2444 1112 2481 nullae
1130 2449 1224 2483 sunt
1242 2458 1313 2494 po-

486 2501 572 2548 puli
590 2505 723 2549 partes
746 2503 810 2539 vii.
831 2504 892 2542 16.
943 2507 1081 2554 populi
1100 2518 1314 2545 consensus

485 2563 613 2610 qualis
630 2567 881 2613 quantusque
897 2567 1125 2614 requiratur
1150 2570 1201 2606 ad
1226 2571 1314 2616 hoc,

483 2627 529 2660 ut
538 2624 727 2672 principis
740 2626 930 2674 placitum
940 2628 1042 2677 legis
1053 2630 1230 2678 vigorem
1242 2632 1314 2668 ha-

482 2684 576 2721 beat
593 2685 660 2722 vii.
679 2687 740 2723 23.
792 2686 876 2734 ejus
898 2691 1069 2734 quatuor
1090 2692 1240 2737 gradus
1260 2692 1312 2729 ib.

484 2747 546 2782 24.

436 2807 612 2845 Positiva
628 2808 835 2856 permissio
850 2819 938 2856 quae
954 2808 1005 2845 vi.
1025 2811 1084 2847 18.

435 2869 623 2906 Potentia
639 2882 675 2905 v.
698 2871 758 2907 12.

435 2931 632 2976 Potestas,
651 2932 699 2968 de
712 2931 819 2979 quali
837 2935 1035 2979 potestate
1052 2934 1225 2981 pendeat
1242 2935 1313 2971 ob-

483 2993 624 3041 ligatio
642 3005 681 3030 v.
709 2995 768 3029 12.
819 2994 942 3030 civilis
970 3006 1050 3031 non
1078 2998 1213 3043 potest
1242 3008 1314 3044 per

483 3066 526 3091 se
544 3055 613 3091 sed
626 3067 674 3091 ex
688 3055 947 3103 consequenti
963 3056 1108 3093 habere
1127 3057 1312 3094 effectum

482 3117 728 3164 spiritualem
747 3129 784 3154 v.
803 3119 864 3155 38.
903 3118 1131 3166 legislativa
1151 3123 1191 3156 et
1202 3120 1312 3169 judi-

482 3178 602 3215 ciaria
618 3179 706 3215 duae
718 3180 926 3228 praecipuae
941 3180 1090 3228 species
1103 3183 1312 3229 potestatis

482 3241 655 3289 politicae
683 3242 747 3278 vii.
778 3244 839 3280 12.
886 3246 1021 3290 potest
1047 3243 1311 3291 dispensative

481 3303 748 3340 administrari
765 3316 800 3340 v.
819 3305 880 3341 40.
914 3305 964 3340 ad
982 3305 1132 3341 ordinis
1159 3306 1310 3353 politici

481 3364 601 3401 finem
640 3365 786 3412 duplex
827 3368 888 3402 est
933 3367 1155 3402 necessaria
1187 3367 1238 3405 vi.
1270 3369 1310 3406 2.

481 3429 722 3473 potestatem
753 3428 1032 3464 dominativam
1060 3432 1101 3464 et
1122 3429 1308 3476 jurisdic—

481 3488 600 3524 tionis
609 3489 807 3536 quomodo
820 3490 1069 3537 distinguant
1077 3490 1309 3527 Scholastiei

464 3540 635 3585 'ratione
652 3549 754 3592 finis,
773 3549 835 3586 vii.
854 3551 889 3585 4.
945 3553 1122 3597 potestas
1142 3552 1307 3599 νομοθε-

479 3609 577 3653 τική
589 3612 649 3645 est
662 3612 839 3657 potestas
853 3611 1181 3659 αὐτοκρατορική
1194 3613 1256 3649 vii.
1269 3614 1306 3651 5.

480 3670 639 3715 publica
673 3671 850 3708 coactiva
882 3677 1059 3720 potestas
1088 3677 1307 3713 necessaria

449 3767 455 3774 .
480 3732 541 3764 est
558 3729 597 3765 in
615 3742 783 3778 persona
799 3733 908 3781 leges
926 3734 1079 3771 ferente
1096 3735 1148 3771 ib.

879 264 1089 310 INDEX
1129 267 1444 313 NOMINUM
1484 270 1566 314 ET
1606 271 1848 318 RERUM.

1457 396 1667 442 potestatis
1691 397 1932 436 coordinatae
1956 398 2191 447 figmentum
2217 401 2280 437 vii.

1457 458 1517 494 11.

1454 519 1663 566 potestatis
1677 520 1854 568 regitivae
1869 521 2028 559 collatio
2042 534 2121 559 non
2134 527 2196 561 est
2209 536 2282 572 po-

1454 579 1539 625 puli
1556 590 1654 627 opus
1675 580 1738 618 vii.
1760 582 1823 619 15.

1453 644 1692 687 potestatem
1719 642 1828 690 (dato
1855 645 1961 691 quod
1986 648 2089 682 esset
2105 646 2282 695 Principi

1452 713 1477 738 a
1503 704 1654 750 populo
1683 704 1831 752 delata)
1858 707 2030 753 populus
2054 710 2278 746 resumendi

1446 762 1513 810 jus
1530 775 1611 799 non
1629 764 1749 801 habet
1766 765 1831 802 vii.
1850 767 1913 803 21.

1402 824 1625 873 Praecipere
1642 828 1890 875 superiorum
1908 832 1969 866 est
1986 830 2055 868 vii.
2072 833 2110 869 2.

1403 887 1624 935 Praeceptio
1639 892 1700 926 est
1711 893 1823 927 actus
1834 890 1936 938 juris
1950 895 1991 928 et
2004 894 2212 940 potestatis
2226 894 2280 932 ib.

1452 951 1487 986 3.
1540 951 1712 987 essentia
1724 951 1825 999 legis
1842 952 1883 988 in
1902 955 2169 1002 praeceptione
2186 967 2280 992 con-

1452 1010 1558 1048 sistit
1576 1012 1627 1048 vi.
1656 1015 1727 1059 213
1753 1014 1816 1052 vii.
1844 1016 1890 1060 23
1916 1015 1997 1052 viii.
2018 1017 2080 1053 10.
2141 1017 2280 1054 indefi-

1451 1074 1533 1111 nite
1551 1076 1766 1124 praecipere
1792 1089 1872 1114 non
1898 1082 1958 1115 est
1982 1080 2199 1127 praecipere
2225 1081 2279 1118 ib.

1453 1137 1513 1173 13.
1566 1138 1693 1174 omnis
1710 1139 1924 1187 praeeeptio
1943 1141 2095 1188 obligat
2120 1142 2170 1178 ad
2194 1143 2279 1179 cul-

1450 1209 1542 1245 pam
1561 1199 1612 1235 ib.
1632 1201 1693 1235 24.
1745 1201 1962 1248 praeceptio
1980 1202 2081 1250 legis
2097 1202 2279 1239 humanae

1451 1259 1664 1306 dupliciter
1680 1264 1816 1308 potest
1833 1262 1935 1298 sumi
1952 1263 2003 1299 vi.
2021 1264 2058 1300 4.

1401 1320 1715 1358 Praedicamenta
1746 1326 1929 1370 quatuor,
1965 1324 2057 1369 Ubi,
2093 1324 2278 1372 Quando,
2328 1358 2333 1361 .

1451 1383 1572 1429 Situs,
1599 1384 1783 1429 Habitus,
1813 1386 1899 1432 pari
1928 1397 2047 1433 passu
2075 1387 2280 1423 ambulent

1450 1456 1609 1482 necesse
1635 1449 1696 1483 est
1712 1446 1768 1483 iii.
1786 1448 1846 1483 18.
1897 1448 1947 1483 ad
1973 1448 2108 1484 decem
2134 1449 2278 1495 praedi-

1450 1511 1632 1545 camenta
1648 1509 1780 1545 omnia
1792 1510 1901 1546 entia
1910 1510 2032 1546 realia
2045 1514 2279 1548 revocantur

1448 1570 1499 1606 iv.
1517 1572 1567 1608 34

1399 1632 1554 1669 Praetor
1572 1633 1770 1680 Urbanus,
1789 1634 1852 1671 cui
1869 1636 2075 1682 acceptam
2093 1634 2198 1671 ferat
2208 1634 2278 1683 ju-

1446 1695 1714 1732 risdictionem
1730 1708 1841 1733 suam
1858 1697 1925 1734 vii.
1942 1698 2004 1734 20.

1397 1757 1788 1805 Presbyterianorum
1816 1758 1979 1805 querela
2005 1759 2054 1794 de
2083 1758 2276 1795 electione

1446 1822 1651 1866 pastorum
1669 1819 1953 1866 parochialium
1971 1819 2035 1855 vii.
2054 1822 2115 1856 24.

1398 1879 1729 1928 Primogeniturae
1746 1880 1813 1928 jus
1832 1881 2121 1929 praeferendum
2135 1881 2197 1918 vii.
2215 1882 2274 1920 17.

1397 1941 1602 1990 Princeps,
1629 1942 1712 1990 ejus
1739 1945 1915 1990 potestas
1940 1943 2047 1980 unde
2064 1944 2116 1981 sit
2132 1944 2194 1980 vii.
2216 1946 2277 1991 15,

1446 2006 1511 2042 20.
1563 2004 1647 2051 ejus
1676 2004 1787 2053 leges
1817 2005 1975 2052 quando
2007 2005 2187 2053 obligent
2223 2007 2276 2044 ib.

1449 2068 1510 2104 13.
1563 2066 1648 2114 ejus
1677 2067 1861 2103 voluntas
1888 2067 1972 2103 sola
2001 2070 2041 2103 et
2070 2068 2276 2115 adaequata

1446 2128 1607 2175 publica
1632 2128 1769 2176 legum
1799 2128 1971 2165 efficiens
2001 2140 2119 2164 causa
2141 2129 2205 2165 vii.
2223 2130 2275 2177 83

1444 2190 1524 2227 viii.
1543 2192 1581 2227 2.
1632 2201 1721 2238 quae
1749 2193 1927 2240 potestas
1955 2190 2144 2238 principis
2165 2190 2276 2238 justa

1446 2252 1497 2289 sit
1525 2264 1573 2289 ex
1593 2251 1684 2300 jure
1709 2252 1891 2300 gentium
1920 2251 1989 2289 vii.
2013 2253 2074 2288 24.
2127 2264 2177 2288 an
2203 2253 2274 2288 ob-

1443 2315 1748 2363 temperandum
1790 2315 1842 2351 sit
1881 2314 2071 2362 Principi,
2115 2314 2183 2362 qui
2226 2315 2274 2351 de

1443 2377 1551 2413 facto
1569 2388 1699 2424 neque
1718 2377 1812 2424 jure
1828 2376 2000 2424 imperat
2017 2377 2081 2413 vii.
2101 2379 2163 2423 14,
2183 2389 2271 2425 sqq.

1443 2450 1494 2475 an
1524 2438 1584 2475 fas
1611 2438 1663 2475 sit
1692 2438 1868 2486 Principi
1896 2450 1921 2474 a
1950 2439 2078 2475 verbis
2113 2443 2154 2476 et
2183 2451 2273 2476 sen-

1443 2500 1572 2536 tentia
1596 2499 1895 2547 particularium
1920 2499 2056 2547 legum
2090 2501 2273 2538 recedere

1443 2573 1482 2597 x.
1504 2563 1563 2599 23.

1394 2622 1609 2671 Privilegia
1626 2622 1678 2661 vi.
1697 2624 1742 2669 13
1767 2623 1848 2659 viii.
1867 2623 1905 2661 9.

1393 2682 1572 2719 Proditio
1591 2683 1778 2730 pulverea
1792 2682 2061 2731 (Gunpowder
2083 2682 2271 2731 Treason)

1441 2756 1479 2780 x.
1498 2746 1562 2780 22.

1392 2804 1630 2852 προλήψεις
1649 2806 1825 2853 φυσικαί
1841 2807 1891 2843 iv.
1905 2808 1976 2853 343
2002 2808 2055 2845 ix,
2075 2810 2110 2844 1.

1393 2867 1606 2903 Promissio
1640 2868 1718 2915 (vii.
1744 2868 1783 2915 2)
1810 2880 2018 2905 commune
2048 2873 2108 2906 est
2135 2881 2267 2917 aequa-

1440 2928 1538 2964 lium
1556 2932 1598 2965 et
1615 2928 1877 2976 superiorum.

1392 2989 1727 3038 Promulgationis
1744 3000 1879 3026 vocem
1906 3000 1984 3037 quo
2010 3001 2127 3026 sensu
2152 3001 2268 3026 usur-

1440 3055 1538 3099 pent
1557 3051 1710 3097 Cicero,
1728 3062 1807 3099 quo
1828 3051 2054 3088 Canonistae
2071 3052 2147 3088 viii.
2168 3054 2206 3088 2.

1393 3113 1666 3162 Promulgatio
1675 3113 2048 3161 legisformapotest
2058 3113 2134 3149 dici
2141 3113 2218 3149 viii.
2229 3115 2266 3150 2.

1442 3175 1568 3223 qualis
1586 3186 1670 3211 esse
1689 3175 1845 3219 debeat,
1871 3178 1918 3211 ut
1936 3174 2097 3211 inducat
2115 3176 2268 3223 obliga-

1441 3238 1589 3274 tionem
1617 3237 1697 3274 viii.
1729 3239 1765 3282 3,
1796 3248 1884 3285 sqq.
1946 3237 2134 3274 facillima
2166 3238 2268 3274 ratio

1439 3299 1541 3347 legis
1560 3299 1858 3347 promulgandae
1876 3303 1949 3344 est,
1968 3311 2055 3347 quae
2072 3301 2178 3348 apud
2197 3312 2269 3336 nos

1439 3373 1516 3397 usu
1546 3365 1708 3409 recepta
1736 3364 1796 3397 est
1824 3361 1902 3397 viii.
1929 3362 1965 3398 5.
2017 3362 2094 3407 lex,
2124 3362 2267 3398 suffici.

1440 3427 1552 3460 enter
1569 3423 1836 3471 promulgata,
1851 3423 1986 3470 statim
1998 3423 2149 3459 inducit
2167 3424 2266 3460 obli-

1437 3486 1641 3534 gationem
1668 3486 1746 3522 viii.
1775 3485 1810 3523 6.
1862 3486 1972 3533 leges
2003 3485 2266 3533 imperatoriae

1438 3548 1609 3595 quando,
1633 3559 1657 3583 a
1682 3547 2001 3595 promulgatione
2027 3548 2144 3593 facta,
2163 3548 2265 3584 obli-

1436 3621 1532 3657 gare
1558 3609 1750 3658 incipiant
1784 3609 1837 3646 ib.
1871 3609 1972 3657 legis
1999 3610 2263 3657 promulgatae

1437 3671 1600 3719 ignarus
1626 3682 1676 3706 an
1706 3673 1748 3708 et
1781 3673 1976 3718 quatenus
2007 3682 2054 3708 ea
2081 3674 2266 3707 teneatur

1437 3733 1515 3770 viii.
1537 3734 1573 3770 7.
