2482 4166
835 290 1219 351 PRAELEcno
1263 290 1537 343 QUARTA.
1707 294 1713 299 ·
1781 297 1784 299 “
1857 297 1860 299 ·
2018 287 2123 342 117

284 429 335 476 et
359 422 504 475 omni
533 430 776 490 tempore,
808 437 921 472 una
951 420 1033 472 leoe
1061 429 1111 472 et
1139 420 1462 489 sempiterna
1504 429 1554 472 et
1588 420 1922 474 ‘immortalis
1955 426 2120 476 couti-

282 505 441 565 nebit‚
485 521 724 572 unusque
770 503 876 554 erit
916 503 1210 554 communis
1249 504 1411 571 quasi
1446 504 1706 571 mayister
1744 512 1794 555 et
1822 504 2120 572 imperator

280 587 516 638 omnium
554 587 705 638 Deus
746 585 841 637 ille
885 585 1015 653 leqis
1057 584 1216 652 hujus
1257 586 1516 647 inventor,
1563 587 1909 654 disceptator,
1956 586 2115 649 lator,

279 669 371 721 cui
419 669 515 737 qui
556 686 662 719 uon
699 668 937 738 parebit,
983 668 1097 735 ipse
1140 684 1195 719 se
1221 668 1428 734 sufflet,
1468 686 1536 719 ac
1580 678 1841 720 naturam
1886 669 2120 721 hominis

280 751 702 818 aspernabitur;
746 759 907 819 atque
935 750 1032 801 hoc
1060 751 1179 818 ipso
1216 750 1323 802 luet
1350 751 1623 803 maximas
1655 768 1865 820 poenae,
1903 752 2120 804 etiamsi

279 842 456 884 cetera
493 833 785 901 supplicia,
827 850 945 901 quae
988 841 1280 900 putantur,
1339 834 1635 901 effuyerit.'’
1715 831 1939 904 Insignis
1992 850 2118 885 sane

278 914 433 976 locuS,
465 913 635 984 etqui
672 912 824 984 hujus
866 915 1061 966 Innati
1104 915 1326 967 luminis
1367 921 1607 967 naturam
1651 921 1704 967 et
1747 914 1851 969 vim
1892 914 2119 968 luculen-

278 995 472 1049 tissime
515 995 753 1067 explicat,
794 996 925 1049 adeo
965 1002 1026 1049 ut
1053 995 1180 1048 nihil
1210 1014 1338 1067 opus
1367 996 1433 1050 sit
1459 996 1611 1068 plura
1638 997 1693 1051 in
1719 998 1854 1051 hanc
1885 1016 1995 1051 rem
2026 998 2118 1051 ad-

269 1077 448 1148 jicere.

396 1162 599 1216 XXVI.
672 1164 974 1216 Secundum
1002 1165 1227 1226 Lumen,
1261 1163 1400 1233 quod
1428 1163 1589 1217 menti
1617 1166 1848 1218 Illatum
1877 1164 2114 1230 diximuS‚

280 1243 328 1296 ei
355 1244 422 1296 ab
466 1251 617 1298 extra
654 1245 867 1298 advenit
900 1246 1168 1316 oriturque
1202 1264 1235 1299 a
1274 1247 1622 1300 Revelatioue
1656 1250 1851 1301 divina
1870 1268 1887 1300 .-
1929 1266 2116 1319 nempe

279 1327 347 1379 ab
374 1326 463 1379 illa
491 1329 618 1390 luce,
650 1345 805 1397 quam
831 1329 976 1381 Deus
1004 1328 1150 1381 nobis
1176 1327 1585 1382 subministravit
1613 1329 1666 1382 in
1708 1332 1889 1383 Sacra
1931 1332 2118 1401 Scrip-

282 1419 411 1461 tura
439 1409 493 1461 in
533 1428 639 1480 qua
675 1409 995 1463 voluntatem
1038 1429 1182 1463 suam
1221 1411 1447 1464 humano
1484 1412 1666 1483 generi
1699 1412 1910 1465 uberius
1947 1413 2117 1466 adhuc

278 1491 554 1562 patefecit3
594 1491 786 1562 nequid
815 1492 863 1544 ei
889 1493 1092 1546 deesset
1119 1493 1427 1556 adminiculi,
1469 1494 1608 1563 quod
1635 1494 1703 1546 ad
1732 1513 1903 1548 mores
1929 1512 2117 1566 regen-

279 1574 373 1626 dos
401 1581 454 1627 et
485 1576 795 1627 beatitatem
824 1575 1233 1644 consequendam
1263 1581 1398 1628 esset
1431 1575 1773 1628 necessarium
1797 1596 1809 1639 ;
1855 1594 2013 1649 quum
2049 1578 2117 1630 ad

277 1655 378 1708 ista
421 1674 526 1708 non
575 1656 829 1709 sufficeret
877 1658 1051 1710 lumen
1095 1659 1366 1711 internum
1407 1660 1678 1721 naturale,
1722 1667 1781 1712 ut
1829 1658 1940 1729 jam
1995 1668 2117 1713 ante

278 1738 606 1792 ostendimus,
693 1738 887 1792 Differt
935 1746 1109 1792 autem
1166 1740 1264 1793 hoc
1313 1741 1525 1794 Lumen
1581 1759 1614 1793 a
1669 1743 1961 1804 Naturali,
2013 1761 2117 1795 non

228 1828 249 1869 1
279 1823 489 1891 oriyiue
539 1821 719 1884 solum,
772 1822 864 1875 sed
908 1828 962 1875 et
1005 1824 1374 1892 perfectione.-
1430 1825 1645 1887 Primo,
1703 1824 1824 1895 quia
1881 1824 2117 1879 volunta-

276 1910 382 1956 tem
425 1903 527 1957 Dei
570 1903 866 1957 manifestat
907 1903 961 1957 in
998 1904 1094 1967 his,
1132 1905 1201 1958 ad
1241 1923 1357 1976 quae
1396 1924 1500 1958 non
1538 1913 1710 1977 potest
1747 1909 1922 1961 lumen
1956 1919 2116 1960 uatu-

222 1992 252 2035 2
277 1987 395 2040 rate
439 1986 753 2059 pertingere.
835 1989 1092 2049 Secundo,
1138 1988 1259 2058 quia
1307 1995 1454 2040 actus
1500 1989 1719 2042 morales
1776 2008 1808 2042 a
1863 1992 2118 2044 naturali

223 2076 253 2117 3
276 2070 511 2123 Lumine
558 2070 778 2123 dictatos
834 2070 903 2122 ad
949 2072 1114 2138 finem
1169 2072 1535 2124 sublimiorem
1592 2072 1812 2125 ordinat.
1913 2075 2114 2135 Tertio,

278 2151 401 2220 quia
443 2170 557 2204 cum
601 2154 717 2205 Lex
758 2154 1021 2205 mentibus
1058 2154 1334 2222 insculpta
1381 2171 1414 2204 a
1455 2154 1570 2205 Deo
1613 2159 1859 2224 tanquam
1898 2166 2117 2210 auctore

278 2235 520 2286 Naturae
547 2233 783 2287 instituta
811 2234 894 2296 sit,
925 2236 1043 2287 Lex
1075 2237 1188 2287 ista
1228 2237 1289 2287 in
1342 2237 1510 2288 Verbo
1549 2238 1790 2290 revelata
1832 2244 1912 2291 est
1957 2239 2024 2290 ab
2055 2257 2115 2291 eo

277 2315 515 2369 instituta
543 2323 790 2386 tanquam
820 2327 1038 2369 auctore
1071 2318 1289 2370 Gratiae
1318 2328 1368 2370 et
1405 2319 1639 2372 Salutis.
1727 2322 1872 2392 Ergo
1906 2320 1994 2373 ubi
2026 2329 2117 2374 aut

278 2399 470 2466 deficit,
514 2406 606 2452 aut
648 2400 818 2452 debile
861 2405 940 2451 est
977 2401 1215 2453 Naturoe
1257 2401 1468 2453 Lumen
1511 2400 1705 2469 (deficit
1737 2410 1912 2456 autem
1951 2403 2004 2455 in
2037 2405 2117 2456 his

278 2498 396 2550 quae
430 2488 550 2535 sunt
585 2487 737 2535 extra
774 2481 952 2534 orbem
987 2500 1149 2545 suum,
1179 2481 1462 2552 cujusmodi
1495 2490 1616 2537 sunt
1658 2488 1918 2555 mysteria
1943 2488 2082 2555 fidei
2095 2506 2116 2548 ;

368 2678 438 2719 26.
501 2675 602 2720 The
638 2675 822 2721 Second
855 2676 997 2735 Light
1032 2677 1087 2722 of
1113 2677 1195 2722 the
1227 2678 1363 2722 Mind
1387 2678 1425 2722 is
1457 2678 1540 2723 the
1564 2678 1802 2723 Revealed
1824 2678 1993 2737 Light:
2033 2679 2115 2724 the

279 2745 399 2804 light
422 2747 560 2805 given
583 2748 632 2791 in
663 2748 746 2792 the
782 2749 1023 2807 Scripture
1047 2754 1097 2793 to
1122 2750 1263 2808 guide
1295 2764 1349 2794 us
1384 2750 1478 2793 and
1513 2750 1620 2794 lead
1652 2764 1706 2795 us
1731 2754 1782 2794 to
1807 2751 2113 2796 blessedness.

280 2818 393 2862 This
423 2819 566 2877 Light
590 2819 748 2865 differs
772 2820 896 2865 from
920 2820 1002 2865 the
1025 2822 1228 2866 Natural
1251 2821 1408 2880 Light‚
1428 2826 1513 2866 not
1538 2822 1649 2880 only
1672 2822 1722 2865 in
1746 2823 1806 2866 its
1842 2823 2007 2881 origin,
2030 2823 2118 2867 but

280 2889 331 2932 in
350 2890 409 2933 its
430 2890 716 2948 perfection:

374 2958 438 3014 10,
462 2962 669 3007 Because
693 2963 732 3007 it
756 2962 902 3008 shews
933 2962 1015 3009 the
1040 2965 1153 3009 Will
1177 2965 1232 3010 of
1253 2964 1360 3010 God
1383 2965 1433 3008 in
1462 2965 1619 3024 things
1651 2969 1701 3009 to
1730 2965 1882 3009 which
1915 2965 2119 3009 Natural

279 3031 423 3089 Light
443 3038 615 3077 cannot
638 3034 793 3079 reach.

375 3100 439 3155 2⁰,
475 3105 682 3150 Because
712 3106 794 3151 the
826 3112 924 3151 acts
955 3108 1163 3152 dictated
1192 3108 1255 3166 by
1284 3108 1366 3152 the
1401 3108 1604 3152 Natural
1633 3108 1791 3165 Light‚
1827 3121 1908 3151 are
1945 3106 2010 3165 by
2037 3106 2120 3151 the

282 3172 521 3217 Revealed
544 3176 688 3232 Light
712 3177 920 3221 directed
941 3183 990 3222 to
1012 3193 1041 3221 a
1060 3179 1227 3236 higher
1246 3179 1354 3223 end.

377 3240 440 3294 3⁰,
463 3244 685 3296 Because,
706 3247 790 3290 the
809 3249 921 3291 Law
940 3263 1114 3305 graven
1147 3263 1209 3293 on
1233 3250 1315 3293 the
1335 3250 1473 3294 heart
1495 3248 1638 3306 being
1663 3249 1774 3306 only
1800 3248 1883 3292 the
1916 3248 2044 3292 work
2069 3249 2124 3293 of

287 3312 393 3357 God
413 3327 463 3357 as
482 3313 564 3358 the
589 3314 773 3360 Author
797 3318 852 3360 of
870 3319 1067 3371 Nature,
1092 3319 1174 3362 the
1200 3321 1312 3363 Law
1335 3320 1555 3364 revealed
1588 3320 1639 3362 in
1669 3319 1752 3362 the
1785 3319 1932 3363 Word
1965 3320 2004 3364 is
2038 3320 2121 3365 the

284 3384 412 3427 work
433 3384 487 3428 of
508 3386 615 3429 God
639 3400 688 3430 as
708 3386 791 3431 the
815 3387 1000 3432 Author
1019 3389 1074 3433 of
1090 3389 1242 3434 Gracc
1263 3391 1356 3434 and
1379 3391 1635 3434 Salvation.

377 3455 478 3500 The
503 3457 616 3500 Law
647 3458 702 3502 of
730 3458 914 3502 Nature
947 3459 986 3503 is
1023 3460 1242 3504 deficient
1263 3461 1313 3504 in
1344 3460 1501 3518 things
1529 3459 1682 3503 which
1716 3473 1797 3504 are
1831 3460 2029 3506 without
2065 3462 2125 3507 its

285 3525 467 3585 sphere,
489 3542 539 3572 as
560 3528 641 3573 the
665 3530 911 3587 mysteries
937 3530 992 3573 of
1015 3530 1163 3583 faith3
1198 3531 1236 3575 it
1260 3533 1299 3575 is
1323 3535 1404 3575 too
1437 3529 1568 3575 weak
1588 3531 1637 3574 in
1657 3530 1793 3575 those
1817 3533 1968 3576 moral
1988 3547 2121 3591 ques-

284 3598 408 3642 tions
427 3599 578 3643 which
598 3614 679 3645 are
702 3601 778 3644 far
797 3601 1017 3646 removed
1035 3601 1160 3645 from
1179 3602 1281 3646 first
1304 3602 1570 3660 principleS.
1631 3602 1688 3646 In
1705 3602 1823 3647 both
1843 3603 1975 3649 these
1996 3618 2123 3649 cases

284 3683 353 3712 we
388 3675 514 3714 must
546 3670 667 3717 have
698 3686 916 3717 recourse
955 3677 1005 3717 to
1035 3672 1118 3717 the
1150 3673 1270 3731 light
1305 3674 1361 3718 of
1386 3673 1468 3718 the
1488 3674 1649 3718 Word.
1730 3673 1820 3719 See
1851 3674 1933 3720 the
1965 3676 2122 3734 places

285 3740 472 3797 quoted.
1977 3769 1979 3771 v
