2482 4166
444 270 550 322 304«
852 275 1049 321 SALUS
1090 275 1331 321 POPULI
1373 274 1676 320 SUPREMA
1714 277 1860 321 LEX.

565 407 717 461 XVI.
805 407 888 459 Ex
916 407 997 459 his
1025 425 1140 477 quae
1170 406 1307 459 dicta
1335 412 1454 459 sunt
1483 405 1608 460 satis
1638 414 1875 460 constare
1904 413 2046 477 puto,
2079 425 2175 460 nec
2218 407 2273 460 in

442 488 531 543 illa
567 490 779 552 salutis,
818 507 912 542 nec
951 489 1005 541 in
1043 489 1141 542 ista
1179 491 1388 558 Populi
1419 488 1760 559 appellatione
1797 507 1910 542 eam
1944 489 2110 542 inesse
2149 489 2270 551 vim,

442 580 502 625 ut
529 572 649 625 inde
677 571 837 643 possit
864 571 973 625 sine
1015 589 1212 625 summa
1246 571 1589 641 perversitate
1630 571 1991 643 pervulgatum
2032 573 2129 624 hoc
2168 574 2273 624 Αω-

443 657 590 708 ioma
617 654 670 708 in
706 654 889 727 Regiae
926 653 1192 726 dignitatis
1225 652 1578 724 praejudicium
1621 652 1947 725 distorqueri.
2037 654 2189 718 Quod
2230 653 2272 706 si

443 737 643 808 reliqua
670 737 771 801 illa,
804 755 919 807 quae
947 736 1056 789 sola
1076 735 1187 805 jam
1216 741 1506 805 supersunt,
1546 735 1708 788 verba
1749 735 1850 788 rite
1896 736 2270 806 expendantur,

443 839 696 890 suprema
738 819 928 873 scilicet
969 819 1117 878 Lam
1171 822 1466 888 agnoscent,
1513 815 1589 868 uti
1634 834 1800 886 sper0,
1848 817 2031 887 quibus
2078 818 2272 887 aliquid

443 902 696 972 reliquum
722 907 800 954 est
829 906 919 953 aut
958 899 1125 952 cordis
1152 905 1243 951 aut
1270 897 1470 960 frontiS‚
1501 896 1599 964 isto
1620 900 1908 952 Axiomate
1936 899 2022 952 vix
2047 900 2273 970 potuisse

445 984 544 1038 dici
573 983 766 1054 aliquid
804 983 942 1053 quod
970 982 1039 1034 ad
1065 999 1312 1035 summam
1344 983 1550 1050 Reyum
1570 991 1889 1052 potestatem
1918 981 2274 1035 stabiliendam

444 1066 661 1137 amplius
690 1072 824 1119 esset
842 1071 895 1118 et
923 1063 1184 1117 illustrius,
1233 1062 1488 1134 Supponit
1517 1063 1652 1115 enim
1680 1063 1780 1116 ista
1807 1063 1994 1117 locutio
2023 1083 2274 1135 suprema

444 1151 577 1211 Lex,
609 1166 719 1201 esse
748 1153 990 1219 oportere
1017 1145 1303 1200 necessario
1332 1145 1517 1199 alicubi
1539 1145 1593 1197 in
1622 1145 1758 1198 omni
1786 1146 2071 1217 Republica
2104 1153 2274 1218 potes-

444 1237 605 1284 tatem
635 1230 876 1301 aliquam,
907 1247 1022 1300 quae
1062 1228 1129 1283 sit
1157 1228 1292 1281 omni
1322 1227 1540 1299 positiva
1565 1230 1708 1298 Leqc
1737 1231 1978 1282 humana
2006 1229 2271 1300 superior:

444 1314 512 1367 ad
560 1332 715 1384 quam
762 1313 1056 1384 prospicere
1095 1311 1369 1382 pertineat,
1411 1317 1464 1364 et
1503 1310 1808 1364 auctoritate
1849 1329 1942 1364 sua
1979 1329 2274 1383 procurare,

445 1396 637 1467 nequid
673 1414 738 1449 ex
777 1397 985 1465 Legyum
1020 1397 1243 1465 defectu,
1284 1394 1367 1447 vel
1401 1392 1613 1446 nimium
1652 1393 2005 1464 superstitiosa
2033 1396 2275 1448 observa-

448 1482 603 1542 tione,
635 1478 948 1549 Respublica
977 1476 1274 1531 detrimenti
1303 1475 1485 1546 capiat.
1560 1475 1717 1546 Cujus
1746 1476 1822 1529 rei
1846 1476 1980 1530 ratio
2008 1476 2277 1530 manifesta

447 1561 571 1614 satis
600 1568 699 1614 est:
731 1561 850 1631 quia
872 1578 966 1613 nec
992 1566 1163 1630 potest
1179 1561 1507 1628 Legyislator,
1539 1558 1621 1611 vel
1639 1558 2078 1629 prudentissimUS‚
2103 1576 2278 1612 omnes

447 1645 891 1697 circumstantias
916 1649 1192 1694 eventuum
1221 1641 1511 1693 futurorum
1531 1643 1838 1710 praevidere
1862 1662 1881 1701 ‚·
1927 1661 2022 1695 nec
2064 1649 2122 1695 ut
2151 1640 2277 1693 nihil

446 1726 713 1798 contingat
761 1743 938 1777 eorum
988 1741 1103 1793 quae
1150 1723 1444 1775 insecutura
1490 1721 1777 1792 suspicatur
1827 1723 1964 1776 mala
2002 1731 2054 1777 et
2089 1723 2278 1775 incom-

447 1808 615 1871 moda,
664 1807 890 1879 Legibus
946 1805 1253 1858 sufficienter
1291 1822 1615 1875 proecavere.
1707 1805 1860 1867 Quod
1916 1823 2010 1858 nec
2066 1808 2274 1874 Leyum

447 1890 596 1961 culpa
640 1889 713 1952 fit,
758 1907 852 1941 nec
884 1889 1281 1957 Leyislatoris,·
1325 1886 1416 1945 sed
1445 1887 1524 1954 (ut
1552 1884 1742 1956 optime
1772 1887 2063 1941 observavit
2090 1889 2276 1940 nAris-

452 1974 670 2041 totelcs,)
701 1990 766 2024 ex
791 1970 903 2040 ipsa
930 1976 1117 2022 natura
1147 1987 1324 2021 earum
1349 1986 1538 2031 rerum,
1571 1986 1685 2038 quae
1712 1969 1946 2037 Leyibus
1973 1969 2276 2023 definiendae

446 2062 597 2108 sunt:
628 2072 743 2124 quoe
772 2071 887 2106 cum
916 2051 1017 2105 sint
1046 2058 1099 2104 et
1127 2069 1221 2122 pro
1249 2049 1503 2104 varietate
1531 2068 1623 2104 sua
1652 2053 1956 2119 indefinitae,
1988 2058 2041 2104 et
2070 2051 2189 2123 quia
2211 2070 2276 2104 ex

445 2138 620 2191 futuro
647 2136 876 2208 pendent
897 2138 1129 2197 incertoe,
1154 2152 1255 2187 non
1277 2139 1491 2204 possunt
1515 2139 1793 2203 propterea
1810 2135 2004 2187 ⁰certis
2022 2133 2275 2205 aliquibus

447 2227 500 2273 et
528 2221 764 2288 definitis
793 2219 995 2287 reyulis
1038 2215 1419 2287 comprehendi,
1454 2214 1578 2268 satis
1619 2215 1780 2287 igitur
1821 2215 1943 2269 fecit
1985 2216 2143 2269 officio
2187 2234 2278 2269 suo

446 2303 772 2372 Leyiclator,
814 2300 858 2353 si
902 2299 1103 2372 legibus
1144 2317 1206 2352 ea
1251 2297 1587 2361 constituerit,
1634 2315 1750 2367 quae
1794 2298 1897 2352 sint
1938 2301 2280 2369 Pplerumque

439 2385 597 2455 justa,
631 2391 684 2437 et
711 2382 858 2436 utilia
896 2382 992 2435 toti
1033 2381 1415 2434 communitati:
1459 2380 1556 2433 etsi
1594 2380 1706 2433 fieri
1748 2387 1933 2452 potest,
1978 2381 2276 2452 saepissime-

446 2485 546 2537 que
575 2466 648 2530 fit,
680 2473 739 2519 ut
768 2484 833 2519 ex
871 2471 1168 2536 emergente
1202 2464 1376 2534 aliqua
1419 2462 1685 2533 inopinata
1719 2464 1995 2527 occasione,
2040 2463 2280 2517 deficiant

444 2549 547 2602 illae
584 2551 753 2618 Leyes
795 2548 848 2600 in
891 2566 1011 2601 casu
1054 2547 1224 2618 aliquo
1263 2544 1563 2618 particulari
1604 2563 1706 2598 non
1748 2546 1984 2617 praeviso.
2067 2547 2181 2610 Quo
2224 2545 2279 2597 in

445 2649 580 2695 casu,
611 2632 707 2684 nisi
733 2631 798 2684 sit
823 2629 972 2683 alicui
992 2647 1225 2702 personae
1254 2629 1337 2683 vel
1360 2627 1592 2706 personis
1622 2629 1924 2682 exercendae
1954 2630 2275 2684 arbitrariae

494 2821 513 2841 ¹¹
548 2812 624 2862 [Τὸ
668 2812 751 2860 γάρ
793 2811 1018 2860 ἁμάρτημα
1061 2812 1132 2848 οὐκ
1175 2811 1217 2848 ἐν
1258 2813 1320 2858 τῷ
1399 2822 1542 2855 eorum,
1563 2810 1632 2858 qui
1650 2810 1750 2857 ἱερᾶς
1767 2806 2053 2855 componebant,
2076 2810 2119 2843 ut
2134 2806 2278 2854 species

446 2876 571 2924 νόμῳ,
589 2874 667 2911 οὐδ’
687 2875 730 2912 ἐν
747 2876 808 2922 τῷ
828 2872 1061 2922 υομοθέτῃ],
1087 2872 1185 2910 ἀλλ’
1205 2872 1247 2909 ἐν
1263 2875 1320 2919 τῇ
1400 2871 1605 2909 criminum
1622 2870 1967 2917 complecterentur.
2011 2869 2179 2912 Quintil.
2193 2869 2276 2905 De-

446 2939 573 2985 φύσει
591 2938 669 2973 τοῦ
689 2934 953 2985 πράγματος.
1005 2936 1173 2973 Aristot.
1191 2934 1322 2972 Ethic.
1401 2934 1517 2970 clam.
1536 2932 1710 2968 cccxxxi.

444 3000 532 3036 Nic.
552 2999 641 3036 Lib.
662 3008 708 3036 V.
727 2999 890 3045 cap.14.
1450 3003 1471 3030 P
1498 2996 1553 3032 Τὸ
1594 2994 1644 3032 ὥς
1680 2994 1749 3031 ἐπὶ
1775 2994 1827 3030 τὸ
1853 2992 1985 3030 πλέον
2019 2991 2223 3040 λαμβάνει
2253 2990 2275 3027 ὁ

492 3069 510 3088 0
535 3061 665 3098 Nulla
692 3064 802 3098 tanta
820 3058 1073 3108 providentia
1091 3059 1224 3107 potuit
1244 3069 1322 3095 esse
1403 3057 1537 3105 νόμος.
1592 3056 1761 3093 Aristot.
1779 3055 1849 3091 ubi
1866 3065 2000 3102 supra.

537 3186 604 3226 16.
670 3181 732 3226 So
758 3179 898 3224 much
923 3178 978 3223 of
995 3178 1132 3222 Salus
1155 3177 1327 3235 Populi
1343 3193 1356 3219 :
1387 3190 1492 3220 now
1513 3175 1567 3220 of
1587 3174 1812 3232 Suprema
1834 3174 1943 3218 Lex.

534 3253 645 3297 This
683 3251 962 3310 expression,
1001 3250 1025 3271 “
1043 3249 1143 3293 The
1179 3249 1407 3306 Supreme
1431 3246 1582 3299 Law,'’
1607 3259 1829 3304 supposes
1856 3244 1961 3287 that
1996 3242 2130 3287 there
2155 3246 2278 3287 must

443 3324 725 3369 somewhere
750 3324 799 3365 in
825 3337 853 3366 a
880 3323 1011 3366 State
1031 3320 1184 3376 reside
1204 3334 1232 3363 a
1252 3321 1416 3363 Power
1435 3318 1585 3361 which
1606 3319 1643 3362 is
1664 3322 1713 3361 to
1734 3316 1925 3378 provide
1945 3315 2019 3358 for
2039 3328 2278 3371 emergen-

443 3397 535 3440 cies
560 3395 636 3439 for
654 3393 805 3438 which
824 3395 934 3437 Law
953 3393 1063 3436 does
1088 3396 1171 3435 not
1191 3390 1396 3449 provide.
1441 3389 1549 3432 And
1568 3389 1672 3432 that
1691 3389 1729 3431 it
1750 3388 1860 3431 does
1885 3391 1982 3438 not,
2009 3385 2047 3429 is
2072 3399 2134 3429 no
2158 3385 2279 3428 fault

443 3467 594 3511 either
619 3466 673 3510 of
693 3466 774 3509 the
804 3466 916 3508 Law
940 3477 993 3508 or
1018 3463 1072 3507 of
1095 3463 1177 3507 the
1201 3462 1475 3519 Legislator,
1501 3461 1585 3504 but
1611 3460 1751 3503 arises
1785 3459 1907 3502 from
1936 3457 2018 3501 the
2037 3461 2204 3500 nature
2229 3455 2283 3499 of

442 3538 524 3582 the
560 3537 716 3595 things
753 3535 865 3580 with
889 3534 1040 3578 which
1071 3535 1181 3577 Law
1214 3534 1253 3578 is
1289 3532 1560 3576 concerned.
1622 3532 1716 3574 For
1741 3529 1872 3573 these
1896 3528 2051 3586 things
2088 3541 2167 3571 are
2197 3531 2277 3569 too

442 3609 683 3653 indefinite
705 3608 798 3651 and
816 3607 999 3651 various
1023 3610 1073 3649 to
1090 3606 1149 3649 be
1171 3602 1545 3661 comprehended
1570 3602 1737 3659 always
1756 3601 1806 3643 in
1827 3600 2016 3643 definite
2041 3598 2133 3641 and
2156 3596 2278 3640 fixed

443 3679 599 3723 Rules.
646 3679 746 3723 The
766 3678 1027 3736 Legislator
1047 3677 1158 3720 does
1178 3675 1249 3719 his
1270 3679 1391 3733 part,
1410 3674 1453 3717 if
1467 3673 1527 3717 he
1551 3672 1797 3717 command
1813 3671 1935 3714 what
1955 3671 1993 3713 is
2017 3667 2278 3723 commonly

439 3748 539 3804 just
564 3750 656 3794 and
692 3749 872 3794 usesul:
904 3749 991 3793 but
1014 3748 1086 3793 his
1117 3747 1263 3791 Rules
1295 3760 1403 3805 may
1426 3745 1511 3789 fail
1535 3745 1585 3787 in
1609 3743 1890 3788 unforeseen
1919 3753 2070 3793 cases;
2106 3737 2198 3782 and
2227 3738 2276 3780 in
