2482 4166
425 302 539 351 210
604 309 690 352 DE
733 308 961 354 LEGUM
1002 301 1427 354 HUMANARUM
1469 309 1673 355 CAUSA
1712 311 2111 374 EFFIOIENTE.

428 438 567 491 illam
608 456 711 509 qua
755 438 896 509 apud
942 438 1185 509 populum
1229 439 1424 509 pollent
1458 446 1766 511 potestatem
1810 459 1954 494 suam
1999 446 2263 511 acceptam

431 521 622 584 ferunt,
660 515 750 578 fais
775 516 833 575 δι’
866 519 1037 576 αὑτοῦ
1066 518 1415 587 πεμπόμενοι.

554 606 678 658 VII.
737 603 1011 657 Sciendum
1032 606 1203 666 tertio,
1224 622 1318 674 pro
1337 604 1543 658 diversa
1559 605 2079 675 Rerumpublicarum
2098 604 2269 657 forma

432 706 740 757 supremam
774 687 907 738 hanc
932 696 1265 756 potestatem,
1304 703 1458 755 quam
1496 688 1844 755 Majestatem
1877 688 1961 740 vel
1998 683 2266 757 αὐτοκρα-

435 770 628 846 τομίαν
675 769 901 831 dicimus,
939 768 1024 821 vel
1065 767 1118 819 in
1160 786 1275 819 uua
1312 767 1486 836 aliqua
1522 785 1757 837 persona,
1802 769 1886 822 vel
1923 768 1976 821 in
2007 771 2268 838 pluribus

433 852 653 923 positam
686 869 811 904 esse.
901 850 965 901 In
994 856 1132 902 statu
1161 848 1412 920 populari,
1444 867 1598 918 quam
1627 852 2037 903 Democratiam
2062 857 2263 914 vocant,
2292 862 2314 902 1

435 952 634 986 summa
664 931 876 1002 Imperii
906 938 984 984 est
1011 931 1121 983 fere
1147 948 1305 1000 penes
1328 933 1701 1000 Mayistratus
1715 933 1907 1001 plures
1933 931 2267 1002 popularibus

432 1015 690 1086 suffragiis
718 1013 998 1075 annuatim,
1027 1019 1117 1065 aut
1145 1030 1240 1082 per
1268 1012 1367 1065 alia
1397 1021 1539 1066 certa
1564 1020 1854 1085 temporum
1880 1014 2154 1067 intervalla
2179 1015 2267 1066 de-

429 1098 617 1149 lectos:
650 1096 738 1165 qui
766 1096 864 1148 fuit
887 1094 1006 1147 olim
1036 1101 1200 1147 status
1215 1096 1411 1164 populi
1439 1098 1691 1159 Romani,
1721 1115 1836 1149 cum
1864 1115 1897 1150 a
1933 1098 2263 1159 Consulibus,

437 1180 778 1239 ProetoribuS,
823 1179 1086 1230 Tribunis
1113 1178 1306 1246 plebis,
1347 1179 1653 1241 AEdilibus,
1691 1178 1905 1248 aliisque
1939 1178 2121 1231 annuis
2152 1180 2267 1231 Ma·-

432 1260 733 1332 gistratibus
761 1268 1084 1331 regerentur.
1145 1258 1301 1311 Unde
1331 1259 1628 1329 frequentes
1655 1267 1928 1313 occurrunt
1955 1261 2094 1330 apud
2124 1262 2267 1313 Cice-

431 1362 612 1396 ronem
635 1350 687 1395 et
709 1341 835 1394 alios
855 1340 1139 1394 istiusmodi
1167 1340 1478 1404 locutiones3
1506 1344 1715 1411 Populi
1737 1345 1975 1395 Romani
1995 1344 2264 1411 majesta&

430 1428 597 1478 Loesa
645 1426 848 1494 Populi
886 1425 1156 1491 majesta&
1208 1425 1395 1477 Visum
1440 1435 1516 1477 est
1556 1427 1791 1478 Senatui
1817 1427 2121 1495 populoque
2159 1427 2266 1478 Ro-

432 1526 610 1571 mam,
641 1517 735 1561 etc.
825 1508 888 1557 In
910 1512 1049 1558 statu
1078 1507 1475 1559 Aristocratico
1505 1507 1684 1559 eadem
1725 1507 1973 1578 Majestas
2003 1515 2081 1560 est
2109 1524 2267 1577 penes
2289 1522 2318 1562 2

439 1592 739 1659 Optimates
790 1588 1053 1658 quosdam,
1098 1605 1226 1656 quos
1272 1588 1393 1640 alibi
1442 1591 1483 1640 I
1482 1590 1854 1644 llustrissimos
1897 1596 2097 1652 vocant,
2146 1589 2267 1642 alibi

431 1671 582 1742 regni
627 1673 893 1732 Proceres,
940 1669 1063 1721 alibi
1108 1669 1219 1721 aliis
1264 1687 1351 1721 eos
1393 1669 1557 1723 titulis
1599 1679 1653 1724 et
1695 1672 2123 1742 appellationibus
2172 1689 2266 1741 pro

433 1772 578 1805 more
617 1753 786 1824 gentis
824 1751 1120 1822 insigniunt.
1197 1752 1444 1814 Quorum,
1491 1752 1587 1805 etsi
1632 1773 1771 1807 uuus
1813 1754 1996 1823 aliquis
2035 1754 2267 1806 fortassis

431 1836 511 1903 (ut
540 1835 593 1887 in
616 1836 919 1903 Republica
946 1835 1155 1902 Veneta)
1179 1833 1261 1886 vel
1290 1833 1444 1886 etiam
1464 1836 1669 1904 plureS,
1697 1842 1911 1905 possunt
1938 1836 2131 1888 habere
2156 1854 2267 1906 prae

430 1917 642 1987 reliquis
670 1917 893 1985 aliquam
921 1915 1185 1986 dignitatis
1214 1922 1268 1968 et
1306 1915 1402 1967 loci
1431 1918 1884 1986 praeeminentiam,
1917 1917 2078 1971 veluti
2108 1935 2267 1987 quen-

431 2000 549 2051 dam
589 2000 800 2052 ordinis
828 1999 1151 2067 primatum‚
1190 1997 1298 2066 (qui
1326 1997 1425 2050 fuit
1463 1998 1582 2050 olim
1621 2002 1860 2052 Romani
1884 2002 2168 2069 Episcopi,
2213 2007 2267 2053 et

428 2081 745 2151 reliquorum
776 2081 1242 2132 Patriarcharum
1277 2079 1330 2131 in
1373 2080 1611 2133 Conciliis
1648 2082 1811 2134 honos
1831 2084 1865 2151 ε)
1903 2100 2053 2135 nemo
2092 2089 2266 2135 tamen

430 2171 508 2216 est
535 2164 610 2216 ita
637 2162 848 2232 reliquis
877 2168 1134 2232 potestate
1166 2163 1427 2231 superior,
1459 2169 1518 2215 ut
1546 2170 1637 2216 aut
1664 2163 1825 2234 possit
1859 2164 1924 2217 de
1952 2163 2025 2216 eis
2054 2164 2267 2235 singulis

431 2246 739 2299 auctoritate
765 2263 857 2297 sua
869 2245 1146 2313 judicium
1163 2246 1331 2313 ferre,
1356 2251 1447 2297 aut
1475 2263 1577 2297 non
1606 2245 1767 2316 possit
1795 2247 1887 2299 abs
1917 2245 1989 2299 eis
2018 2246 2268 2299 universis

428 2329 537 2399 ipse
554 2329 823 2396 judicari.
889 2326 1048 2396 Cujus
1069 2326 1331 2397 regiminis
1361 2326 1578 2398 effigiem
1602 2326 2006 2398 qualemcunque
2024 2330 2268 2397 Majores

430 2421 479 2464 et
507 2411 870 2463 Aldermauni
898 2409 951 2460 in
974 2408 1104 2461 villis
1132 2408 1344 2471 nostris3
1384 2411 1736 2479 Colleyiorum
1759 2413 2016 2480 Praesecti
2044 2421 2093 2464 et
2115 2412 2269 2464 Socii

431 2493 485 2544 in
513 2491 820 2554 Academiis,
852 2491 948 2543 etsi
972 2490 1158 2543 leviter
1186 2491 1478 2554 admodum,
1509 2492 1683 2561 aliqua
1699 2499 1873 2546 tamen
1901 2499 2050 2546 tenus
2074 2511 2268 2562 reprae-

432 2581 686 2627 sentatam
715 2573 861 2626 nobis
891 2572 1153 2625 exhibent.
1226 2572 1300 2625 At
1328 2572 1381 2624 in
1421 2580 1559 2626 statu
1586 2577 1944 2628 Monarchico
1972 2577 2051 2643 (ut
2080 2575 2165 2627 vel
2192 2574 2267 2644 ip-
2290 2587 2319 2628 3

432 2674 544 2707 sum
579 2672 766 2707 nomen
801 2654 987 2707 indicio
1017 2655 1116 2721 est)
1148 2653 1298 2706 unius
1336 2657 1503 2724 Reyis
1541 2673 1776 2726 personae
1815 2656 2037 2710 inhaeret
2071 2675 2268 2709 summa

1199 2836 1214 2863 f
1238 2840 1259 2874 1
1278 2838 1366 2875 Pet.
1385 2838 1425 2875 ii.
1446 2841 1503 2877 13.

522 2954 565 2997 7.
631 2949 741 2994 This
765 2950 1072 3009 Sovereignty
1092 2964 1200 3008 may
1223 2950 1374 2994 reside
1401 2950 1451 2992 in
1476 2964 1564 2994 one
1589 2963 1758 3007 person
1779 2963 1833 2993 or
1851 2949 1902 2993 in
1923 2963 2064 2994 more.

515 3023 574 3066 In
594 3037 621 3065 a
641 3022 943 3079 Democracy,
969 3022 1050 3066 the
1079 3022 1384 3079 Sovereignty
1404 3022 1442 3065 is
1467 3021 1651 3079 posited
1681 3022 1730 3063 in
1755 3021 1932 3064 certain
1951 3021 2264 3077 Magistrates‚

434 3094 605 3138 chosen
635 3093 867 3150 annually,
890 3106 943 3136 or
973 3097 1021 3136 at
1047 3093 1182 3136 other
1206 3093 1440 3136 intervals.
1506 3091 1632 3136 Such
1661 3104 1751 3135 was
1777 3091 1858 3135 the
1880 3091 2182 3135 constitution
2213 3090 2269 3135 of

431 3166 617 3209 ancient
642 3166 805 3208 Rome.
873 3164 963 3208 See
984 3164 1064 3208 the
1089 3168 1201 3208 text.

521 3237 577 3279 In
608 3250 669 3279 an
692 3235 999 3293 Aristocracy,
1035 3235 1117 3279 the
1145 3236 1450 3293 Sovereignty
1485 3235 1524 3278 is
1553 3235 1603 3277 in
1633 3233 1714 3278 the
1744 3232 1893 3277 hands
1929 3233 1984 3276 of
2004 3247 2032 3276 a
2060 3232 2186 3290 body
2216 3231 2271 3276 of

430 3307 622 3359 Nobles,
659 3320 713 3350 or
746 3307 810 3364 by
850 3306 1082 3350 whatever
1117 3320 1254 3350 name
1294 3306 1407 3363 they
1446 3320 1553 3364 may
1581 3306 1642 3350 be
1681 3304 1844 3349 called.
1919 3305 1977 3347 In
2016 3303 2108 3348 this
2146 3316 2265 3355 case,

429 3378 609 3435 though
630 3392 718 3422 one
743 3391 926 3435 person,
951 3392 1001 3421 as
1021 3377 1103 3422 the
1128 3378 1261 3435 Doge
1283 3382 1332 3421 at
1352 3378 1542 3429 Venice,
1569 3390 1622 3420 or
1642 3375 1831 3427 several,
1850 3389 1958 3432 may
1976 3374 2095 3419 have
2115 3388 2143 3417 a
2164 3387 2263 3417 cer-

432 3450 530 3491 tain
550 3450 910 3507 pre-eminence,
930 3463 979 3492 as
1000 3449 1236 3507 presiding
1257 3462 1366 3492 over
1387 3448 1468 3492 the
1487 3445 1727 3501 Order,(as
1748 3446 1828 3490 the
1849 3445 2023 3503 Bishop
2044 3445 2099 3489 of
2113 3446 2264 3488 Rome

433 3520 526 3562 and
551 3520 631 3563 the
653 3520 788 3563 other
808 3520 1074 3564 Patriarchs
1095 3521 1145 3562 in
1165 3519 1507 3563 Ecclesiastical
1530 3518 1743 3563 Oouncils
1767 3517 1882 3560 used
1906 3521 1956 3560 to
1983 3514 2077 3570 do,)
2098 3520 2177 3573 yet
2201 3528 2262 3558 no

435 3604 523 3633 one
548 3591 586 3633 is
611 3591 822 3648 superior
841 3595 890 3634 to
912 3591 993 3635 the
1019 3591 1175 3635 others
1196 3592 1246 3633 in
1271 3590 1384 3635 such
1406 3604 1434 3633 a
1453 3604 1553 3647 way
1573 3603 1622 3632 as
1647 3594 1697 3632 to
1718 3587 1777 3631 be
1799 3587 1904 3631 able
1925 3591 1974 3631 to
1994 3598 2264 3644 pronounce

426 3660 673 3717 judgment
705 3675 766 3704 on
791 3676 882 3719 any
913 3662 967 3705 of
988 3662 1119 3705 them
1147 3662 1211 3719 by
1234 3661 1306 3705 his
1334 3675 1436 3705 own
1461 3660 1711 3716 authority,
1730 3672 1817 3701 nor
1841 3672 1890 3701 as
1916 3663 1965 3701 to
1991 3658 2051 3701 be
2076 3660 2263 3713 exempt

429 3729 552 3772 from
583 3731 663 3774 the
690 3731 937 3787 judgment
975 3732 1124 3775 which
1159 3732 1273 3789 they
1308 3731 1596 3787 collectively
1627 3742 1734 3786 may
1765 3742 2035 3786 pronounce
2060 3741 2122 3771 on
2145 3726 2257 3769 him.

431 3798 517 3841 We
542 3799 672 3851 have,
693 3805 742 3843 to
764 3815 791 3843 a
817 3803 993 3844 certain
1019 3806 1192 3853 extent,
1218 3816 1278 3845 an
1298 3802 1450 3858 image
1479 3801 1533 3845 of
1564 3799 1678 3845 such
1706 3813 1734 3843 a
1763 3802 2069 3855 government
2098 3798 2148 3839 in
2181 3796 2264 3839 the
