2482 4166
457 286 562 340 146
717 296 803 340 DE
844 295 1073 343 LEGUM
1112 294 1537 341 HUMANARUM
1578 297 2030 344 OBLIGATIONE.

588 425 796 479 XVIII.
884 425 989 478 Sed
1032 430 1085 478 et
1127 423 1293 479 altera
1333 424 1556 497 insuper,
1602 444 1764 498 eaque
1802 427 2031 490 fortiore,
2077 445 2294 499 quaeque

464 507 534 561 ad
569 508 960 562 Conscientiam
987 507 1196 579 propius
1224 507 1487 580 pertingit,
1536 511 1889 579 Obliyatione,
1929 511 1997 563 ad
2033 511 2130 563 hoc
2157 511 2295 563 idem

465 590 754 643 faciendum
796 597 956 644 semet
985 590 1284 644 obstrictum
1326 590 1526 654 sentiet,
1557 591 1783 662 quisquis
1818 610 1934 662 quae
1968 611 2033 645 ex
2066 594 2295 663 politico

467 675 724 742 reqimine
752 672 946 726 civibus
967 672 1274 744 proveniunt
1302 673 1437 726 bona
1473 679 1673 726 attente
1701 692 1815 727 cum
1842 674 2011 727 animo
2040 693 2130 728 suo
2160 675 2297 747 cogi-

466 754 671 809 taverit.
759 757 831 808 Et
866 755 942 808 ita
970 773 1092 808 sane
1132 755 1578 824 mChrysostomus
1619 755 1709 809 illa
1740 756 1972 826 Apostoli
2010 757 2172 810 verba
2210 751 2298 812 3ιοῖ

468 835 574 903 τὴν
602 831 898 903 συνείδησιν
925 837 1022 890 hoc
1049 837 1159 890 loco
1187 837 1577 908 interpretatur,
1609 845 1669 891 ut
1697 837 1765 891 ad
1793 837 1926 890 illius
1943 841 2297 908 protectionis

470 921 772 988 heneficium
793 937 946 990 quam
972 926 1188 990 praestat
1208 919 1425 972 subditis
1444 921 1623 973 civilis
1642 923 1956 982 dominatio,
1980 919 2298 991 potissimum

466 1002 754 1071 respexisse
788 1008 937 1072 putet
971 1001 1291 1072 Apostolum,
1329 1002 1488 1065 Quasi
1530 1002 1738 1066 diceret,
1783 1004 2040 1056 Conscius
2078 1021 2192 1055 cum
2230 1002 2297 1057 sit

466 1083 682 1152 quilibet
721 1083 859 1146 civiS,
905 1101 1060 1153 quam
1087 1083 1259 1136 multis
1301 1083 1558 1136 beneficiis
1598 1084 1802 1138 fruatur
1844 1085 1938 1138 sub
1971 1087 2299 1155 principatu

457 1167 701 1235 politico,
746 1166 874 1217 sciat
903 1181 974 1226 se,
1017 1165 1071 1216 in
1098 1172 1178 1218 tot
1217 1172 1271 1218 et
1298 1171 1557 1219 tantorum
1600 1168 1963 1234 beneficiorum
1997 1185 2299 1236 compensa-

469 1250 675 1309 tionem,
703 1246 771 1299 ad
799 1246 1130 1299 deferendam
1159 1246 1377 1298 vicissim
1412 1246 1459 1298 ei
1488 1247 1576 1314 qui
1601 1247 1945 1317 principatum
1978 1254 2122 1301 tenet
2159 1248 2300 1301 debi-

465 1335 574 1383 tam
604 1330 972 1390 obedientiam,
1004 1327 1227 1397 quadam
1256 1326 1401 1396 quasi
1433 1329 1796 1397 yratitudinis
1837 1330 1944 1397 Zeye
1973 1328 2170 1383 teneri:
2213 1333 2300 1386 ἵνα

467 1409 537 1478 μή
567 1408 836 1484 ἀγνώμων
864 1404 993 1490 δόξῃ
1021 1408 1147 1484 περὶ
1171 1405 1269 1463 τὸν
1304 1404 1625 1483 εὐεργέτην,
1664 1415 1723 1462 ut
1750 1409 1839 1463 ubi
1866 1410 2094 1480 loquitur
2134 1412 2300 1481 Chry-

466 1504 738 1556 sostomus,
783 1511 816 1546 a
855 1498 1028 1545 mente
1067 1492 1316 1561 Apostoli
1346 1491 1530 1554 alien0,
1576 1493 1655 1560 (ut
1692 1510 1812 1544 mox
1854 1491 2175 1563 videbimus,)
2219 1500 2301 1547 ast

466 1594 619 1630 sensu
647 1575 773 1626 alias
800 1574 940 1627 haud
969 1573 1185 1626 multum
1213 1572 1547 1626 incommodo.
1635 1574 1828 1627 Fateor
1857 1574 2108 1644 equidem,
2141 1576 2300 1645 (quod

467 1665 546 1711 est
574 1676 607 1710 a
633 1659 872 1710 nTacito
901 1656 1248 1723 observatum)
1282 1674 1414 1708 raro
1443 1656 1586 1724 fleri,
1631 1666 1691 1708 ut
1730 1659 1852 1726 quis
1876 1659 2162 1729 imperium
2190 1661 2300 1728 fla·-

463 1742 601 1811 yitio
629 1741 910 1810 quaesitum
941 1740 1089 1791 bonis
1123 1739 1598 1799 artibusxexerceat
1618 1758 1636 1790 .·
1674 1737 1921 1808 pleraque
1950 1738 2084 1791 enim
2114 1740 2300 1809 quibus

466 1822 664 1876 artibus
685 1827 936 1893 parantur
964 1819 1144 1873 iisdem
1166 1826 1219 1873 et
1244 1819 1593 1873 conservanda
1613 1838 1724 1873 esse
1753 1820 2009 1885 videntur,
2037 1827 2089 1874 et
2109 1823 2301 1876 scelere

469 1907 721 1958 tuendum
763 1913 839 1957 est
880 1904 1064 1956 scelus.
1151 1903 1309 1955 Posse
1349 1907 1524 1954 tamen
1562 1901 1617 1955 id
1644 1901 1771 1965 fieri,
1812 1902 2073 1957 Hieronis
2106 1905 2297 1967 Siculi,

466 1988 691 2055 Edyari
730 1987 1030 2054 Anqlorum
1070 1987 1251 2054 Reyis,
1298 1990 1351 2037 et
1386 1983 1602 2037 aliorum
1639 1985 1998 2037 nonnullorum
2042 1986 2297 2056 exempla,

467 2069 556 2139 qui
597 2067 941 2139 principatum
983 2084 1087 2119 non
1133 2066 1324 2137 optime
1366 2066 1667 2138 acquisitum
1711 2068 1940 2121 modeste
1986 2074 2159 2121 tamen
2204 2068 2298 2121 ad-

465 2151 841 2213 ministrarunt‚
889 2149 1013 2203 satis
1062 2155 1337 2202 testantur.
1412 2149 1516 2202 Sed
1565 2156 1824 2220 utcunque
1865 2167 1976 2203 rem
2019 2157 2170 2223 gerat
2212 2150 2301 2220 qui

462 2235 837 2304 principatum
862 2238 1020 2295 tenet,
1047 2249 1149 2285 non
1174 2230 1366 2302 poterit
1388 2248 1611 2302 unquam
1639 2231 1710 2285 sic
1734 2234 1888 2285 abuti
1915 2249 2007 2284 sua
2028 2238 2297 2303 potestate,

471 2323 531 2369 ut
569 2334 671 2367 non
699 2314 904 2367 interim
944 2314 1010 2367 sit
1049 2316 1187 2370 Θεοῦ
1226 2308 1456 2373 διάκονος
1489 2315 1560 2374 εἷς
1599 2311 1667 2368 τὸ
1704 2311 1938 2388 άὙαθόν,
1977 2321 2037 2367 ut
2074 2314 2300 2385 loquitur

469 2397 746 2469 Apostolus
783 2396 928 2450 istius
967 2396 1147 2467 eapitis
1182 2407 1438 2450 commate
1464 2407 1674 2466 quarto,
1760 2398 1812 2448 N
1815 2415 1871 2449 ec
1900 2396 2034 2449 enim
2061 2396 2167 2449 ulla
2192 2403 2300 2450 tam

468 2499 611 2533 mera
639 2479 878 2550 tyrannis
901 2497 1010 2531 esse
1032 2485 1217 2549 potest,
1241 2498 1358 2548 quoe
1379 2498 1483 2532 non
1501 2481 1727 2549 speciem
1755 2481 2003 2549 aliquam
2018 2480 2182 2547 justoe
2209 2481 2300 2532 do-

471 2563 787 2614 minationis
808 2563 1052 2622 retineat,
1088 2567 1140 2613 et
1168 2579 1272 2613 non
1293 2560 1466 2629 aliqua
1494 2561 1674 2614 saltem
1704 2579 1769 2614 ex
1787 2568 1937 2632 parte
1960 2562 2199 2615 subsidio
2227 2564 2300 2614 sit

472 2645 549 2694 ad
583 2644 833 2695 tuendam
861 2644 1132 2694 hominum
1160 2644 1477 2704 societatem,
1522 2648 1582 2695 ut
1610 2642 1765 2695 etiam
1793 2649 1935 2696 reete
1968 2643 2036 2696 ad
2064 2644 2201 2695 hune
2227 2643 2300 2695 lo-

473 2742 587 2776 cum
613 2722 877 2775 admonuit
904 2725 926 2750 ⁰
943 2724 1215 2777 Calvinus.
1276 2722 1406 2774 Cum
1428 2722 1618 2793 itaque,
1650 2725 1788 2793 quod
1812 2743 1986 2777 rerum
2006 2732 2301 2778 nostrarum

472 2807 679 2859 domini
704 2821 891 2865 sumUS,
924 2804 1061 2874 quod
1092 2806 1197 2856 tuti
1224 2821 1256 2856 a
1290 2804 1512 2857 caedibus
1541 2811 1594 2857 et
1630 2805 1814 2874 rapina
1842 2806 2072 2868 vivimus
2102 2807 2203 2859 imo
2248 2813 2301 2860 et

470 2887 525 2940 id
553 2888 717 2958 ipsum
746 2886 883 2956 quod
910 2888 1156 2947 vivimus,
1187 2888 1409 2939 summis
1432 2888 1789 2956 potestatibus
1818 2887 2125 2950 debeamus3
2167 2888 2301 2956 (abs-

471 2987 571 3039 que
594 2968 776 3039 quibus
802 2974 951 3030 esset,
979 2967 1175 3019 nullum
1204 2967 1349 3019 nobis
1377 2968 1622 3020 adversus
1647 2967 2010 3021 sceleratorum
2039 2969 2301 3022 hominum

471 3051 721 3113 libidines,
744 3050 960 3112 furores,
988 3049 1056 3119 inj
1065 3049 1216 3112 uriaS,
1241 3055 1331 3102 aut
1343 3052 1669 3120 proesidium
1692 3056 1825 3103 esset
1846 3057 1937 3103 aut
1959 3053 2247 3104 remedium
2258 3053 2300 3120 ,·)

472 3132 758 3203 aequissima
785 3149 871 3185 res
896 3137 990 3196 est,
1020 3138 1079 3185 ut
1106 3149 1201 3202 pro
1229 3137 1309 3185 tot
1329 3131 1589 3202 tantisque
1617 3132 1873 3185 beneficiis
1901 3131 2094 3203 aliquid
2120 3133 2301 3186 saltem

522 3323 551 3344 ¹1¹
579 3317 637 3366 [in
657 3317 735 3365 Ep.
755 3317 806 3354 ad
824 3318 942 3355 Rom.
969 3317 1092 3355 Hom.
1109 3318 1216 3355 xxiii.
1238 3318 1345 3367 Opp.
1482 3324 1501 3344 ⁰
1526 3317 1837 3366 [Commentarr.
1876 3316 1967 3354 Vol.
1985 3315 2037 3354 V.
2066 3327 2108 3363 p.
2131 3315 2216 3361 199,
2240 3316 2303 3355 ed.

474 3378 588 3416 Tom.
609 3380 688 3416 IX.
707 3391 747 3427 p.
768 3379 853 3417 688.
872 3390 914 3416 D.
937 3391 977 3417 Ε.
996 3380 1056 3416 ed.
1074 3377 1246 3428 Bened.]
1434 3379 1653 3428 Tholuek.;
1671 3383 1848 3417 ceterum
1865 3379 1953 3417 vide
1970 3378 2074 3415 infra
2092 3378 2197 3416 Seet.
2216 3377 2298 3426 25.]

520 3446 540 3467 ¹¹
566 3441 691 3489 [Hist.
708 3442 796 3479 Lib.
813 3453 842 3480 1.
861 3454 944 3490 cap.
961 3441 1074 3491 xxx.]

564 3568 634 3607 18.
675 3564 798 3617 Also,
814 3573 856 3609 to
872 3566 937 3609 his
953 3573 1153 3623 country.
1192 3566 1287 3610 For
1299 3564 1381 3610 the
1397 3566 1676 3622 advantages
1691 3564 1744 3608 of
1754 3577 1892 3621 every
1905 3563 2020 3606 kind
2034 3562 2087 3606 of
2096 3562 2304 3620 political

471 3641 775 3690 government
808 3650 888 3680 are
917 3644 1050 3693 great
1074 3641 1124 3680 to
1150 3650 1293 3695 every
1322 3650 1426 3681 one.
1490 3637 1718 3680 However
1749 3634 1830 3678 the
1862 3634 1990 3677 ruler
2020 3648 2128 3692 may
2160 3633 2303 3677 abuse

471 3703 543 3746 his
577 3719 746 3761 power,
778 3706 838 3749 he
872 3707 910 3750 is
941 3707 1061 3750 “the
1086 3708 1301 3751 minister
1322 3707 1378 3751 of
1403 3707 1509 3751 God
1528 3707 1604 3750 for
1622 3704 1770 3763 good”
1792 3706 1910 3762 (ver.
1940 3703 1990 3759 4)
2012 3709 2062 3748 to
2087 3704 2169 3748 the
2195 3703 2302 3748 sub-

466 3773 584 3828 Jeets
606 3775 654 3816 in
677 3777 878 3831 general.
943 3777 1050 3820 And
1071 3792 1138 3822 we
1159 3792 1257 3823 owe
1278 3778 1531 3823 obedienee
1552 3791 1600 3822 as
1625 3791 1653 3821 a
1673 3780 1835 3820 return
1855 3776 1929 3821 for
1948 3776 2227 3834 protection.
