2482 4166
830 286 1213 333 PRAELEOTIO
1256 284 1536 338 QUARTA.
1996 279 2022 328 1
2033 278 2096 329 21

266 441 381 478 osas
422 420 491 475 ab
535 418 673 473 omni
714 435 838 472 vere
883 415 1180 471 Christiano
1222 431 1548 485 summopere
1588 412 1878 485 fugiendas.
1960 415 2101 469 Illud

264 503 555 577 praesertim
584 500 950 555 studiosissime
979 498 1265 551 cavendum
1293 515 1361 549 ne
1401 514 1518 548 cum
1558 495 1732 566 aliqua
1763 499 2102 551 necessitatis

265 585 504 656 opinione
547 585 922 637 observentur:
964 580 1119 651 juxta
1159 580 1303 641 illud,
1357 580 1486 632 Gal.
1531 597 1581 632 v.
1629 580 1680 640 2,
1720 580 1844 648 Eyo
1878 581 2102 633 Paulus

263 671 387 721 dico
425 669 588 730 vobis,
623 668 689 719 Si
722 664 1213 725 circumcidamini,
1254 662 1528 716 Christum
1555 662 1705 714 vobis
1732 662 1877 714 nihil
1907 664 2103 732 profa-

266 761 448 803 turum
476 767 597 803 esse.
684 747 783 801 Ast
810 746 913 799 illae
951 746 1285 807 Ceremonioe‚
1325 761 1443 813 quae
1477 743 1546 796 ad
1582 749 1855 797 externum
1898 751 2102 797 tantum

264 835 502 887 decorem
541 838 595 884 et
637 830 805 884 cultus
840 828 1002 882 divini
1039 829 1412 881 solennitatem
1449 826 1709 896 quandam
1751 826 2100 896 pertinebant,

265 914 362 968 etsi
390 920 666 986 praestaret
690 913 910 966 fortasse
938 928 1042 963 non
1070 909 1326 981 usurpari,
1357 908 1447 962 ubi
1476 908 1658 961 saltem
1687 910 1896 962 subesse
1930 916 2103 980 potest

256 997 428 1068 justus
457 997 732 1051 Scandali
759 1001 950 1056 metus3
980 1011 1084 1045 non
1110 999 1231 1045 sunt
1258 998 1434 1046 tamen
1462 990 1759 1061 simpliciter
1778 992 2101 1055 damnandae,

263 1087 323 1133 ut
350 1081 579 1142 illicitae,
609 1079 706 1131 hoc
734 1076 842 1131 solo
884 1075 1090 1129 nomine
1119 1074 1258 1146 quod
1291 1076 1634 1146 paedayoyiae
1676 1076 1943 1129 Mosaicae
1981 1093 2104 1147 pars

263 1162 471 1216 fuerint.
1527 1173 1531 1176 '

383 1246 560 1298 XXX.
635 1243 764 1297 Dico
806 1246 978 1306 terti0,
1010 1249 1127 1297 utut
1165 1241 1396 1295 nonnulli
1423 1241 1745 1313 distinguant
1767 1241 1904 1295 inter
1931 1243 2104 1312 Leyes

264 1330 441 1381 Mosis
492 1329 759 1381 Politicas
802 1344 888 1379 eas
933 1344 1050 1396 quae
1092 1332 1241 1378 erant
1298 1327 1459 1378 Juris
1514 1327 1823 1387 communis,
1882 1343 2103 1395 quarum

265 1411 422 1463 etiam
450 1417 599 1464 notas
628 1409 875 1481 quasdam
906 1409 1138 1481 assignat
1167 1415 1220 1460 et
1261 1404 1528 1483 κριτήρια,
1573 1413 1628 1460 et
1666 1425 1754 1459 eas
1796 1425 1913 1477 quae
1952 1414 2104 1460 erant

264 1495 426 1546 Juris
449 1494 824 1563 particularis
840 1511 861 1552 ;
903 1509 1007 1543 non
1037 1508 1149 1543 esse
1176 1490 1521 1543 necessarium
1563 1489 1665 1541 ista
1707 1488 1779 1541 sic
1818 1489 2101 1561 distingui:

263 1577 365 1628 imo
411 1576 635 1627 rotunde
688 1572 934 1627 affirmari
990 1590 1155 1643 posse,
1214 1590 1280 1625 ex
1337 1571 1400 1624 iis
1455 1573 1694 1640 Leyibas
1750 1573 1929 1624 Mosis
1986 1590 2104 1641 quae

264 1658 521 1711 Politicae
568 1663 659 1709 aut
701 1656 1010 1709 Judiciales
1051 1654 1307 1717 dicuntur,
1351 1653 1546 1706 nullam
1589 1652 1795 1706 omnino
1846 1655 2105 1724 Obliyare

273 1741 614 1795 Christianos
658 1738 1001 1811 Magistratus
1037 1737 1091 1789 in
1133 1736 1387 1790 utramvis
1431 1743 1667 1807 partem:
1711 1736 1836 1806 quin
1877 1744 1937 1790 ut
1978 1737 2104 1807 ipsis

264 1822 433 1885 liceat,
476 1840 572 1893 pro
617 1822 877 1875 arbitratu
925 1839 1033 1883 su0‚
1081 1826 1135 1873 et
1181 1826 1338 1891 prout
1393 1818 1734 1872 incolumitati
1790 1825 1844 1872 et
1892 1819 2105 1873 utilitati

216 1933 221 1937 ·
264 1905 584 1975 Reipublicae
633 1903 894 1958 videbitur
945 1902 1214 1974 expedire,
1263 1902 1481 1956 eandem
1526 1902 1667 1973 apud
1709 1901 1940 1956 subditos
1985 1922 2104 1956 suos

264 1988 481 2050 sancire,
523 1988 608 2041 vel
650 2006 754 2040 non
797 1985 1013 2039 sancire.

393 2072 599 2126 XXXI.
687 2069 817 2122 Dico
858 2080 1069 2140 quartO,
1114 2071 1312 2138 Leyem
1354 2069 1643 2130 Moralem,
1683 2086 1716 2120 a
1751 2070 1899 2121 Mose
1942 2069 2104 2123 tradi-

267 2159 392 2215 tam,
423 2154 521 2206 hoc
550 2160 643 2215 est,
668 2163 947 2222 praecepta
974 2153 1242 2220 Decaloyi
1270 2150 1504 2222 obligare
1544 2168 1719 2203 omnes
1765 2151 2103 2215 ChristianOS,

268 2235 468 2306 pariter
512 2253 573 2288 ac
617 2236 847 2297 Judaeos,
881 2234 950 2286 ad
996 2251 1109 2287 eam
1157 2232 1551 2286 observandam.
1637 2235 1710 2286 Et
1755 2234 1853 2287 hoc
1897 2235 2103 2306 quidem
2156 2283 2159 2285 c

270 2336 461 2381 omnes,
512 2318 652 2388 quod
692 2316 863 2378 sciam,
907 2319 1281 2369 Protestantes
1320 2333 1421 2367 uno
1465 2333 1555 2368 ore
1598 2316 1944 2371 confitentur:
2003 2337 2104 2389 quo

268 2400 517 2470 majorem
545 2399 693 2453 nobis
720 2398 960 2469 injuriam
995 2398 1120 2451 facit
1149 2399 1565 2461 cBellarminus,
1596 2398 1686 2468 qui
1721 2418 1814 2452 nos
1852 2400 2002 2472 fingit
2044 2404 2106 2453 in

268 2501 326 2536 eo
363 2502 562 2554 ponere
619 2484 994 2537 Christianam
1047 2482 1363 2543 libertatem,
1415 2491 1476 2534 ut
1522 2483 1665 2534 nulli
1723 2484 1829 2551 le9i
1883 2485 2106 2553 subjecti

268 2567 439 2619 simus
466 2567 527 2618 in
556 2567 898 2627 conscientia,
928 2566 1109 2617 Moses
1151 2574 1332 2617 autem
1374 2582 1496 2616 cum
1536 2583 1632 2617 suo
1670 2567 1922 2635 decaloyo
1964 2567 2109 2619 nihil

270 2650 347 2700 ad
391 2667 487 2701 nos
525 2650 819 2719 pertineat.
900 2646 1108 2701 Viderit
1165 2646 1419 2717 quomodo
1470 2664 1526 2699 se
1580 2646 1834 2699 calumnia
1888 2647 2104 2711 liberet;

269 2748 488 2800 suosque
530 2730 594 2799 (si
636 2749 729 2783 nos
757 2730 811 2782 in
839 2730 938 2783 hac
967 2729 1137 2800 culpa)
1168 2729 1350 2782 eodem
1379 2728 1607 2787 crimine.
1693 2729 1943 2802 Agitatur
1971 2731 2107 2784 enim

267 2812 380 2865 haec
408 2812 758 2867 controversia
785 2812 923 2865 inter
962 2830 1080 2866 suos
1126 2814 1502 2875 Scholasticos,
1546 2819 1890 2866 teneanturne
1932 2814 2109 2866 Chris-

269 2894 396 2948 tiani
431 2898 724 2967 praeceptis
769 2896 1050 2965 Decaloyi,
1098 2902 1352 2966 quatenus
1398 2901 1518 2948 sunt
1570 2895 1887 2950 declarativa
1941 2898 2110 2966 Leyis

909 3088 928 3109 ⁰
952 3082 1003 3120 de
1020 3081 1329 3130 Justificatione,
1347 3093 1405 3120 1v.
1423 3082 1461 3120 5.

363 3203 433 3243 30.
515 3200 658 3243 Third
672 3216 686 3242 .·
719 3200 860 3245 Some
892 3200 1170 3258 distinguish
1195 3202 1244 3244 in
1280 3201 1362 3245 the
1387 3201 1606 3245 Political
1624 3201 1741 3244 Part
1762 3198 1817 3244 of
1830 3198 1912 3244 the
1931 3199 2109 3245 Mosaic

272 3270 396 3321 Law,
416 3269 551 3313 those
579 3271 712 3314 Laws
741 3270 892 3314 which
922 3285 1002 3315 are
1033 3271 1088 3315 of
1120 3271 1349 3316 Oommon
1368 3271 1530 3329 Right,
1560 3271 1756 3328 binding
1786 3270 1850 3314 all
1869 3284 1993 3322 men,
2015 3272 2110 3315 and

272 3340 408 3384 those
439 3339 591 3383 which
621 3354 702 3383 are
734 3340 788 3384 of
822 3341 1086 3385 Particular
1115 3343 1437 3394 Jurisdiction,
1471 3342 1668 3398 binding
1704 3341 1787 3385 the
1823 3343 1946 3386 Jews
1980 3343 2105 3401 only.

272 3413 368 3455 But
388 3425 455 3455 we
475 3412 623 3454 affirm
642 3411 856 3469 roundly,
876 3411 982 3456 that
1000 3426 1124 3456 none
1146 3413 1201 3456 of
1217 3413 1297 3457 the
1321 3413 1540 3457 Political
1569 3413 1704 3457 Laws
1734 3412 1789 3456 of
1813 3413 1968 3458 Moses
1994 3414 2111 3458 bind

275 3483 511 3527 Christian
530 3482 843 3540 Magistrates.

362 3559 435 3599 31.
499 3554 600 3598 The
629 3554 783 3598 Moral
808 3554 920 3597 Law
944 3554 998 3597 of
1022 3554 1191 3606 Moses,
1226 3553 1331 3598 that
1367 3555 1420 3607 is,
1440 3554 1522 3599 the
1553 3554 1655 3598 Ten
1682 3555 2111 3610 Commandments,

274 3625 312 3669 is
338 3626 601 3683 obligatory
626 3639 688 3669 on
714 3625 970 3669 Christians
1001 3639 1051 3669 as
1076 3626 1181 3669 well
1211 3639 1260 3669 as
1297 3626 1434 3670 Jews.
1511 3625 1589 3669 All
1615 3626 1889 3671 Protestant
1918 3628 2111 3673 Divines

274 3697 409 3740 allow
445 3696 567 3740 this:
609 3696 790 3754 though
823 3697 1103 3741 Bellarmine
1134 3701 1303 3741 asserts
1333 3696 1439 3741 that
1467 3696 1582 3756 they
1619 3697 1679 3741 do
1709 3703 1807 3742 not.
1882 3699 1968 3743 His
2006 3713 2110 3743 own

273 3772 411 3825 party
429 3781 509 3811 are
529 3781 579 3811 as
600 3768 741 3811 much
765 3767 981 3812 involved
1005 3768 1054 3811 in
1078 3768 1171 3812 this
1197 3767 1366 3825 charge
1391 3783 1441 3813 as
1465 3782 1548 3813 we.
1626 3769 1781 3813 There
1811 3770 1849 3814 is
1871 3784 1899 3813 a
1925 3770 2111 3828 disputo
