2482 4166
788 230 1171 275 PRAELEOTIO
1213 230 1464 275 TERTIA.
1495 231 1498 233 ’
1968 225 2052 281 ,67

212 361 377 424 candi,
417 377 575 430 quum
602 376 706 412 non
733 358 836 412 sint
863 358 1033 411 omnia
1060 358 1263 429 piorum
1300 358 1440 412 facta
1472 360 1765 423 imitanda,
1811 378 2048 431 quaenam

213 461 279 496 ex
315 442 377 494 iis
426 442 528 494 sint
570 441 626 494 in
669 442 963 512 exemplum
1005 441 1277 503 trahenda,
1330 448 1384 494 et
1431 459 1548 512 quae
1598 460 1733 495 non:
1778 441 1935 513 idque
1980 446 2046 498 ob

212 526 481 594 duplicem
530 541 646 594 quae
687 529 767 576 est
809 523 864 575 in
912 522 985 576 eis
1030 525 1481 577 incertitudinem.
1555 525 1851 595 Utrumque
1909 526 2046 578 enim

211 606 323 659 fieri
356 612 559 677 potest:
603 612 662 658 ut
707 604 844 675 quod
884 623 918 657 a
960 604 1073 659 viro
1108 605 1194 676 pio
1230 605 1423 659 factum
1462 612 1555 669 est,
1594 624 1698 659 non
1725 607 1884 660 fuerit
1910 618 2049 662 recte

193 691 416 758 factum
430 709 451 750 ,·
493 695 586 741 aut
631 687 770 759 quod
812 694 892 741 est
940 689 1006 741 ab
1055 706 1116 740 eo
1167 694 1309 741 recte
1350 688 1559 751 factum,
1607 707 1711 741 non
1762 696 1938 742 tamen
1979 690 2047 742 sit

211 771 358 823 nobis
400 773 746 824 imitandum.
833 770 1094 841 Imprimis
1127 769 1255 823 illud
1293 776 1570 841 utrumque
1609 777 1808 824 certum
1849 778 1943 836 est,
1996 780 2049 825 et

213 870 328 923 quae
357 860 557 907 constat
586 871 696 906 esse
721 870 997 924 perperam
1032 853 1170 906 facta
1201 871 1303 906 non
1336 872 1447 906 esse
1480 856 1758 907 imitanda
1775 874 1795 915 ;
1840 861 1893 908 et
1932 872 2049 908 suos

212 935 368 988 fuisse
398 935 520 988 viris
549 936 632 989 vel
663 935 993 989 sanctissimis
1031 954 1207 989 noevos
1250 946 1300 989 et
1349 938 1550 1006 lapsus.
1643 937 1787 1000 Quos
1825 944 1879 990 et
1918 937 2052 1008 sapi-

213 1017 501 1071 entissimus
558 1019 703 1071 Deus
758 1018 992 1089 permisit
1045 1018 1315 1089 aliquoties
1369 1019 1424 1070 in
1480 1018 1785 1090 gravissima
1840 1027 2053 1090 peccata

212 1100 331 1162 labi,
372 1102 667 1163 adulteria,
698 1102 1013 1166 homicidia,
1055 1102 1445 1163 idololatriam,
1465 1104 1602 1169 fidei
1632 1104 2050 1172 abneqationem,

215 1189 329 1246 etc„
375 1191 435 1236 ut
476 1202 532 1236 se
569 1185 806 1237 homines
849 1202 960 1236 esse
998 1184 1319 1255 cogitarent3
1366 1184 1624 1237 discerent
1659 1203 1724 1236 ex
1767 1203 1919 1238 sensu
1961 1203 2052 1237 suo

216 1267 414 1319 alienis
443 1268 858 1334 infirmitatibus·
886 1269 1123 1339 compati
1165 1272 1218 1319 et
1260 1265 1557 1338 ignoscere3
1598 1266 1845 1319 adversus
1884 1278 2054 1321 tenta-

219 1344 385 1401 tiones
423 1366 527 1401 non
570 1348 673 1401 suis
719 1348 914 1401 viribus
958 1349 1196 1412 fiderent,
1249 1349 1340 1401 sed
1384 1349 1451 1402 ab
1500 1349 1659 1419 ipsius
1704 1351 1916 1403 auxilio
1958 1350 2056 1403 toti

215 1431 536 1500 penderent3
582 1430 742 1483 sicubi
770 1430 970 1484 validos
1012 1433 1366 1484 tentationum
1407 1430 1655 1501 impulsus
1698 1431 2057 1484 sustinuissent

215 1511 409 1576 invicti,
439 1511 737 1574 inconcussi,
768 1511 928 1574 illaesi,
955 1512 1011 1564 id
1037 1530 1186 1565 omne
1212 1512 1372 1582 ipsius
1389 1515 1750 1582 providentioe
1776 1519 1831 1565 et
1855 1516 2057 1583 qratioe

215 1600 482 1663 acceptum
520 1593 753 1646 ferrent:
799 1593 873 1646 ita
915 1611 1095 1646 eorum
1126 1595 1313 1663 lapsus
1348 1594 1547 1664 aliquot
1558 1597 1823 1664 foediores
1850 1595 1905 1647 in
1933 1596 2058 1666 ipsis

218 1676 495 1728 Sacrorum
538 1674 856 1728 voluminum
905 1675 1097 1728 tabulis
1141 1676 1517 1746 sapientissimo
1560 1677 1768 1729 consilio
1809 1678 2058 1748 perscribi

217 1757 398 1820 voluit,
438 1764 499 1811 ut
548 1764 790 1811 extarent
838 1757 892 1810 in
921 1776 1072 1810 omne
1118 1776 1287 1811 aevum
1337 1777 1404 1810 ex
1445 1777 1550 1812 una
1598 1766 1750 1829 parte
1806 1762 2058 1814 liumanae

201 1842 553 1910 frayilitatis
595 1847 649 1893 et
688 1839 1063 1903 inconstantiae,
1124 1859 1188 1893 ex
1243 1840 1411 1894 altera
1456 1844 1658 1895 divinoe
1706 1844 1966 1904 bonitatis
2006 1850 2060 1896 et

218 1923 504 1976 clementiae
548 1923 769 1976 illustria
813 1940 907 1975 nec
944 1923 1181 1993 peritura
1220 1935 1575 1977 monumenta.

330 2007 456 2059 VII.
544 2005 700 2058 Dices
748 2005 968 2058 fortasse
1018 2024 1120 2058 non
1167 2024 1278 2058 esse
1326 2024 1388 2058 ea
1443 2009 1772 2060 Sanctorum
1815 2010 2058 2078 exempla

220 2088 495 2158 sequenda,
529 2106 644 2159 quae
672 2087 782 2158 ipse
815 2087 918 2140 Dei
947 2087 1156 2157 spiritus
1194 2088 1248 2139 in
1282 2088 1439 2140 sacris
1468 2087 1648 2151 literis,
1680 2089 1823 2143 velut
1852 2090 2058 2162 virgula

221 2170 466 2232 censoria,
496 2177 556 2223 ut
584 2188 859 2240 perperam
888 2170 1026 2223 facta
1054 2169 1270 2223 notavit.
1355 2170 1483 2233 Quis
1526 2171 1662 2223 enim
1699 2191 1839 2224 sanae
1872 2173 2059 2226 mentis

221 2251 319 2305 sibi
353 2259 444 2305 aut
481 2255 726 2306 Davidis
765 2254 1110 2315 adulterium,
1156 2259 1247 2305 aut
1286 2254 1443 2306 Petri
1485 2256 1906 2324 abneyationem,
1947 2254 2059 2308 imi-

221 2335 383 2388 tanda
427 2334 788 2405 proponeret?
872 2334 1056 2389 Videri
1104 2342 1280 2388 tamen
1325 2342 1439 2388 tuto
1493 2353 1643 2406 posse
1693 2338 1760 2390 ab
1807 2337 2057 2408 ejusmodi

221 2417 373 2470 factis
421 2419 663 2488 eoeempla
708 2416 853 2480 sumi,
911 2435 1028 2488 quae
1083 2416 1138 2470 in
1197 2417 1477 2488 Scripturis
1519 2418 1594 2472 ita
1643 2428 1941 2483 narrantur,
2000 2428 2060 2473 ut

222 2499 415 2552 nullam
461 2500 715 2570 adjectam
765 2500 994 2553 habeant
1035 2502 1499 2570 vituperationem,
1559 2502 1644 2554 vel
1697 2502 1920 2554 criminis
1969 2510 2062 2556 aut

223 2582 385 2652 culpae
412 2593 610 2636 notam.
672 2582 999 2652 Responch,
1030 2601 1125 2635 nec
1154 2584 1251 2635 hoc
1281 2601 1392 2636 esse
1422 2584 1819 2638 concedendum.
1889 2586 2061 2638 Multa

223 2664 358 2716 enim
386 2665 649 2718 hominum
663 2667 835 2735 facta
862 2664 917 2717 in
948 2664 1244 2736 ScripturiS,
1275 2672 1334 2718 ut
1363 2665 1417 2718 in
1445 2665 1558 2719 aliis
1586 2667 1777 2737 passim
1815 2667 2058 2731 historiis,

221 2847 414 2905 permits
443 2847 577 2905 picus
601 2861 711 2891 men
742 2851 792 2891 to
823 2846 909 2891 fall
942 2847 1042 2891 into
1079 2847 1292 2904 grievous
1324 2847 1409 2900 sin,
1440 2845 1545 2889 that
1569 2843 1683 2903 they
1702 2859 1810 2904 may
1830 2845 1890 2890 be
1916 2846 2061 2906 ready

221 2923 272 2962 to
302 2918 483 2976 forgive
516 2918 690 2971 others,
729 2919 823 2962 and
857 2932 966 2976 may
999 2919 1130 2962 learn
1168 2924 1218 2962 to
1259 2917 1383 2970 seek,
1421 2917 1547 2960 from
1586 2916 1705 2969 God,
1735 2917 1845 2975 help
1882 2919 2065 2975 against

220 2990 513 3047 temptation.
577 2989 679 3034 The
714 2990 977 3048 Scriptures
1009 3004 1089 3034 are
1126 3004 1155 3033 a
1194 2990 1360 3034 record
1392 2989 1446 3033 of
1474 2988 1651 3032 human
1686 2988 1847 3046 frailty
1881 2989 1975 3032 and
2013 2989 2069 3033 of

221 3060 374 3104 divine
398 3061 642 3117 goodness

315 3133 357 3175 7.
406 3132 452 3174 It
472 3146 580 3189 may
598 3132 659 3175 be
678 3131 872 3189 replied,
891 3132 995 3176 that
1016 3131 1195 3189 though
1214 3131 1350 3176 those
1376 3131 1610 3188 examples
1632 3130 1685 3174 of
1703 3130 1858 3174 Saints
1878 3144 1959 3173 are
1979 3135 2063 3175 not

223 3205 273 3244 to
291 3200 351 3243 be
373 3201 599 3253 imitated,
611 3202 761 3246 which
781 3216 860 3246 are
880 3204 1150 3247 mentioned
1164 3204 1211 3246 in
1232 3204 1472 3260 Scripture
1487 3202 1581 3245 and
1596 3201 1886 3246 condemned
1908 3201 2042 3246 there
2049 3218 2062 3254 3

224 3284 274 3315 as
294 3271 483 3315 David’s
504 3271 732 3329 adultery,
750 3273 929 3316 Peter's
957 3273 1113 3317 denial
1133 3274 1188 3317 of
1211 3273 1284 3317 his
1304 3274 1482 3317 Master
1493 3288 1506 3325 ;
1537 3277 1617 3330 yet
1641 3272 1745 3315 that
1771 3271 1885 3315 such
1906 3286 2061 3316 exam·-

223 3342 323 3399 ples
345 3355 394 3385 as
416 3355 495 3385 are
520 3346 604 3385 not
630 3342 921 3386 condemned
946 3357 1054 3402 may
1072 3345 1133 3388 be
1157 3344 1389 3388 followed.

314 3413 411 3456 But
444 3413 537 3457 this
575 3427 644 3456 we
683 3412 819 3470 deny.
895 3413 989 3456 For
1020 3428 1148 3458 some
1185 3414 1306 3458 facts
1342 3427 1423 3457 are
1454 3413 1607 3457 stated
1646 3412 1933 3472 historically
1971 3415 2066 3459 and

223 3483 398 3542 barely,
434 3483 629 3528 without
663 3484 816 3541 praise
857 3497 910 3527 01·
944 3483 1125 3537 blame3
1169 3498 1219 3527 as
1255 3484 1383 3528 Lot's
1423 3484 1538 3528 offer
1563 3484 1676 3528 with
1713 3484 1881 3541 regard
1915 3491 1965 3529 to
1991 3486 2065 3530 his

225 3555 491 3612 daughters,
510 3556 541 3598 J
543 3554 723 3612 oseph's
758 3555 981 3612 swearing
1005 3556 1068 3613 by
1094 3555 1175 3599 the
1207 3555 1290 3598 life
1315 3555 1369 3599 of
1394 3554 1626 3607 Pharaoh,
1649 3556 1797 3599 Jacob
1824 3556 2066 3615 obtaining

224 3625 296 3668 his
319 3625 512 3670 father’s
531 3626 737 3683 blessing
760 3626 823 3683 by
842 3626 992 3670 fraud.
1059 3627 1127 3670 To
1160 3627 1270 3670 take
1303 3625 1418 3670 such
1443 3631 1539 3670 acts
1562 3640 1610 3670 as
1633 3627 1881 3684 examples,
1910 3629 2066 3672 would

225 3696 285 3739 be
309 3701 432 3741 most
457 3696 733 3753 dangerouS.

1747 3781 1896 3832 5-2
