2482 4166
830 267 1211 312 PRAELEGTIO
1255 267 1519 312 OCTAVA.
1990 264 2056 313 25
2062 263 2093 314 3

263 400 480 469 culpam
502 397 670 460 etiam,
702 402 755 450 et
780 414 884 449 non
912 395 1071 449 solum
1105 398 1181 448 ad
1199 414 1421 465 poenam
1440 416 1460 457 ;
1501 400 1699 448 certum
1740 402 1819 449 est
1857 414 1943 449 eos
1969 398 2094 451 obli-

262 480 379 553 gari
408 479 476 532 ad
500 481 887 533 observandum
915 477 970 530 id
999 478 1136 548 quod
1165 477 1282 549 lege
1301 479 1647 547 praecipitur,
1675 495 1769 529 nec
1798 477 2095 533 satisfacere

263 561 444 624 offici0,
471 561 515 614 si
556 561 727 631 parati
766 561 869 614 sint
888 579 1111 630 poenam
1147 559 1266 631 lege
1305 559 1634 612 constitutam
1663 560 1858 612 subire.
1942 560 2095 622 Quod

262 643 305 696 si
333 643 658 696 manifestum
687 642 755 696 sit
784 661 900 695 eum
938 660 1042 694 non
1069 641 1349 694 intendisse
1378 641 1609 713 obligare
1636 641 1733 694 nisi
1772 643 1849 693 ad
1872 660 2095 710 poenam

264 735 510 788 tantum;
554 725 784 778 subditos
812 724 967 778 etiam
989 731 1187 777 certum
1218 731 1296 777 est
1317 725 1470 777 ultra
1486 743 1709 793 poenam
1729 742 1831 776 non
1854 723 2093 795 obligari.

262 808 418 861 Ratio
452 814 545 870 est,
593 807 714 879 quia
756 807 1146 860 fundamentum
1183 808 1531 876 obliyationis
1560 808 1783 875 Legum,
1824 807 1903 875 (ut
1933 800 2095 860 halias

263 890 613 959 ostendimUS‚)
664 896 742 942 est
798 890 1160 959 Leyislatoris
1206 895 1517 958 potestatem
1561 888 1800 941 habentis
1846 890 2096 943 voluntas

263 972 569 1025 sufficienter
597 971 957 1025 manifestata:
996 972 1141 1042 Ergo
1175 970 1264 1022 ubi
1290 972 1539 1023 voluntas
1566 972 1945 1040 Leyislatoris,
1978 989 2094 1041 quae

263 1061 341 1107 est
376 1054 651 1124 adaequata
692 1072 945 1107 mensura
987 1052 1096 1123 ejus
1139 1054 1487 1122 obliyationis
1530 1071 1682 1123 quam
1725 1055 1843 1106 Lex
1881 1053 2092 1117 inducit,

262 1135 532 1190 manifesta
561 1142 670 1199 est3
713 1136 777 1189 de
807 1136 1154 1205 obliyationis
1182 1153 1433 1188 mensura
1457 1153 1560 1187 non
1599 1142 1678 1188 est
1712 1135 1849 1204 quod
1877 1135 2095 1190 ulterius

262 1218 571 1291 ambigatur.

388 1302 535 1355 XVI.
604 1302 821 1364 Quaeres
848 1300 1083 1364 fortasse,
1115 1318 1230 1371 quae
1260 1303 1524 1354 certitudo
1553 1301 1768 1354 sufficiat
1795 1302 1863 1354 ad
1891 1302 2004 1365 hoc,
2035 1308 2096 1355 ut

263 1383 497 1437 subditus
543 1382 726 1453 aliquis
768 1383 928 1454 possit
967 1401 1077 1436 esse
1119 1401 1327 1436 securus
1369 1383 1423 1435 in
1469 1383 1791 1445 conscientia,
1835 1384 1931 1436 sibi
1970 1384 2095 1436 satis

262 1473 498 1519 constare
527 1484 642 1536 quae
668 1465 827 1519 fuerit
855 1483 998 1520 mens
1027 1472 1079 1518 et
1116 1467 1341 1518 intentio
1368 1466 1731 1534 Leyislatoris
1749 1466 1779 1517 ,Ρ
1858 1466 2096 1536 Respon-

263 1548 376 1611 de0,
406 1548 600 1601 frustra
622 1548 883 1617 expectari
907 1547 960 1599 in
988 1541 1329 1609 iMoralibus,
1360 1554 1575 1617 propter
1602 1546 1851 1599 infinitam
1881 1547 2095 1599 circum-

262 1630 573 1683 stantiarum
615 1629 921 1682 varietatem
960 1635 1015 1681 et
1055 1628 1471 1681 incertitudinem
1512 1647 1689 1681 rerum
1730 1629 2092 1691 humanarum,

262 1714 636 1765 certitudinem
678 1729 831 1780 quam
875 1717 1063 1764 vocant
1102 1712 1571 1773 Mathematicam,
1616 1729 1733 1780 quae
1777 1711 2095 1764 demonstra-

261 1793 402 1847 tione
432 1800 647 1856 constat‚
680 1801 734 1846 et
776 1792 858 1845 cui
899 1792 1210 1863 impossibile
1250 1799 1329 1846 est
1367 1793 1576 1846 subesse
1604 1793 1805 1846 falsum.
1894 1794 2096 1846 Haberi

260 1883 435 1929 tamen
463 1882 634 1946 potest
671 1875 737 1928 de
765 1877 1128 1944 Leyislatoris
1163 1877 1453 1928 intentione
1490 1875 1795 1945 plerumque
1831 1878 2096 1929 certitudo

262 1958 498 2028 quaedam
528 1959 737 2027 Loyica
753 1977 773 2018 ,·
804 1974 920 2027 quae
949 1956 1140 2009 scilicet
1170 1957 1427 2028 colligitur
1457 1975 1521 2009 ex
1543 1957 1665 2026 ipsis
1688 1959 1854 2026 Leyis
1882 1960 2058 2011 verbis
2078 1978 2096 2011 .·

262 2058 292 2092 e
317 2039 501 2109 quibus
523 2040 598 2093 ita
626 2038 893 2110 perspicue
922 2038 1084 2091 claret
1113 2039 1421 2108 quandoque
1450 2038 1608 2108 ipsius
1636 2041 1877 2101 intentio,
1908 2046 1967 2092 ut
1992 2058 2097 2093 non

263 2122 331 2175 sit
349 2139 476 2191 opus
497 2121 742 2174 ulteriore
760 2120 1031 2173 evidentia.
1079 2120 1337 2173 Elucescit
1358 2127 1529 2173 autem
1554 2139 1697 2174 mens
1715 2123 2094 2190 Leyislatoris,

262 2203 452 2274 partim
481 2222 547 2256 ex
583 2204 750 2256 forma
777 2209 830 2255 et
858 2204 1011 2255 modo
1031 2204 1394 2271 praecipiendi
1409 2223 1429 2263 ;
1473 2202 1663 2273 partim
1702 2221 1767 2255 ex
1804 2223 1978 2272 poeme
2006 2223 2097 2275 ap-

262 2285 446 2356 positae
484 2287 761 2354 yravitate
781 2304 797 2336 .·
844 2284 936 2337 sed
979 2283 1237 2354 praecipue
1280 2303 1346 2337 ex
1378 2287 1642 2354 prooemio
1684 2287 1858 2355 ipsius
1886 2289 2092 2356 Le9i33

264 2367 318 2419 in
346 2385 463 2437 qUO,
489 2374 548 2419 ut
575 2366 832 2437 acceptior
861 2365 928 2418 sit
953 2365 1141 2436 populo
1173 2367 1270 2429 lex,
1302 2366 1432 2419 solet
1458 2368 1772 2436 Leyislator
1797 2368 1990 2420 consilii
2019 2369 2098 2421 sui

263 2449 330 2501 de
359 2467 421 2501 ea
442 2450 586 2521 Lege
607 2448 824 2501 ferenda
852 2467 1048 2501 causas
1079 2454 1133 2500 et
1160 2448 1387 2501 rationes
1415 2467 1689 2519 exponere,
1722 2468 1875 2519 quam
1898 2450 1963 2503 sit
1980 2453 2099 2504 Lex

252 2532 425 2599 justa,
449 2549 602 2600 quam
620 2530 778 2583 fuerit
804 2529 1041 2582 tollendis
1063 2529 1396 2583 incommodis
1425 2538 1479 2583 et
1507 2531 1749 2584 abusibus
1771 2535 2096 2595 necessaria,

263 2631 418 2682 quam
442 2613 618 2666 futura
642 2612 710 2665 sit
730 2613 1065 2681 Reipublicae
1090 2614 1260 2666 utilis.
1333 2614 1417 2665 Ex
1447 2612 1631 2682 quibus
1656 2614 1890 2667 omnibus
1920 2614 2097 2667 debite

314 2796 333 2823 ¹¹
361 2797 471 2846 [Vid.
491 2809 612 2846 supra
629 2798 746 2836 Prael.
765 2810 823 2836 1v.
844 2798 867 2847 ἓ
886 2798 934 2845 5;
952 2809 992 2835 v.
1013 2797 1035 2846 ἓ
1055 2797 1110 2846 5.]
1175 2798 1186 2824 ¹
1212 2798 1337 2847 [conf.
1355 2798 1526 2836 Aristot.
1543 2799 1637 2836 Eth.
1656 2797 1746 2835 Nic.
1769 2797 1858 2836 Lib.
1873 2809 1905 2837 1.
1924 2810 2010 2847 cap.
2025 2798 2098 2847 iii]

355 2927 424 2966 15.
491 2921 790 2968 CoNcnusmN
829 2925 985 2968 FIRsT.
1048 2923 1098 2967 If
1132 2925 1170 2968 it
1204 2925 1242 2968 is
1281 2925 1459 2968 certain
1489 2923 1593 2967 that
1631 2923 1713 2967 the
1752 2924 1990 2980 legislator
2028 2924 2101 2967 in-

261 2993 435 3037 tended
465 2997 516 3036 to
543 2994 695 3051 oblige
715 2994 797 3039 the
818 2995 998 3051 subject
1022 2995 1173 3038 under
1196 2995 1331 3047 fault,
1351 2995 1443 3038 and
1469 2999 1553 3038 not
1577 2994 1728 3037 under
1752 2994 1945 3050 penalty
1975 2994 2101 3051 only,

260 3063 323 3122 he
344 3065 381 3107 is
402 3064 589 3121 obliged
612 3070 663 3109 to
689 3065 809 3123 obey
828 3065 910 3109 the
931 3066 1193 3118 command,
1220 3066 1314 3108 and
1343 3070 1427 3109 not
1456 3065 1634 3122 merely
1663 3069 1713 3107 to
1745 3064 1919 3107 submit
1942 3068 1992 3107 to
2018 3064 2101 3108 the

263 3134 468 3190 penalty.

353 3204 447 3245 For
466 3202 548 3246 the
567 3204 661 3246 will
686 3203 740 3246 of
760 3204 841 3248 the
860 3204 1101 3261 legislator
1120 3204 1158 3247 is
1184 3204 1266 3248 the
1290 3218 1505 3248 measure
1537 3205 1592 3248 of
1611 3204 1693 3248 the
1715 3205 1989 3262 obligation.

353 3276 424 3316 16.
484 3273 627 3316 What
650 3273 766 3317 kind
791 3274 845 3318 of
866 3276 1095 3331 certainty
1125 3276 1389 3332 respecting
1412 3275 1495 3318 the
1515 3276 1747 3319 intention
1779 3276 1834 3319 of
1856 3276 1939 3319 the
1968 3276 2099 3319 Law-

263 3344 393 3400 giver
411 3344 589 3387 suffices
612 3343 687 3387 for
706 3344 787 3387 the
812 3346 1015 3403 seourity
1033 3345 1088 3388 of
1103 3345 1184 3388 the
1204 3345 1419 3402 subJect's
1442 3346 1756 3390 Conscience?

355 3414 412 3457 In
442 3414 612 3457 morals
637 3427 706 3457 we
732 3419 903 3458 cannot
926 3415 1044 3459 have
1069 3415 1417 3459 mathematical
1442 3417 1683 3473 certainty.
1745 3416 1845 3461 The
1866 3418 2100 3463 intention

265 3483 319 3527 of
338 3484 420 3527 the
440 3485 701 3541 Legislator
733 3499 928 3543 appears
966 3486 1030 3543 by
1061 3485 1142 3529 the
1167 3486 1397 3544 language
1430 3487 1485 3530 of
1515 3487 1596 3531 the
1631 3488 1755 3539 Law,
1782 3489 2030 3547 especially
2050 3489 2107 3533 of

262 3554 344 3598 the
370 3555 643 3607 Preamble3
681 3556 774 3599 and
807 3556 930 3600 from
959 3556 1052 3600 this
1076 3570 1145 3600 we
1169 3571 1277 3615 may
1301 3558 1541 3615 generally
1565 3559 1726 3602 obtain
1758 3573 1787 3602 a
1818 3561 1968 3603 moral
1999 3575 2098 3604 cer-

262 3625 427 3683 tainty.
490 3626 585 3669 But
619 3626 662 3669 if
692 3641 783 3685 any
811 3641 901 3671 one
934 3628 1030 3672 still
1063 3627 1181 3671 have
1207 3629 1481 3683 difficulties,
1513 3630 1580 3675 let
1611 3629 1711 3673 him
1749 3630 1887 3675 abide
1922 3632 1985 3690 by
2016 3632 2098 3676 the

262 3695 424 3741 advice
449 3696 503 3740 of
523 3688 658 3742 some‘
676 3698 810 3758 pious
835 3698 928 3743 and
949 3698 1106 3743 skilful
1131 3713 1314 3757 person.
