2482 4166
422 246 492 296 32
805 252 891 295 DE
932 251 1357 296 DEFINITIONE
1401 249 1863 296 CONSOIENTIAE.

423 385 732 453 Seraphici,
763 401 858 453 per
886 382 1048 435 multa
1077 388 1221 434 retro
1251 379 1436 433 saecula
1468 380 1609 434 velut
1652 380 1707 433 in
1751 380 1992 452 palaestra
2021 400 2076 435 se
2106 401 2252 436 exer-

423 473 654 530 cuerunt‚
686 473 1030 534 exercentque
1060 463 1354 524 etiamnum,
1402 481 1496 515 nec
1535 469 1816 534 potuerunt
1850 465 2098 518 hactenus
2136 473 2254 536 post

422 555 625 602 tantum
669 548 869 601 sudoris
913 553 967 600 et
1011 545 1238 617 pulveris
1282 551 1514 615 optatam
1558 552 1747 598 metam
1786 547 2099 619 contingere.
2188 548 2255 600 In

425 642 654 702 tempore
681 650 815 692 sum,
857 640 906 683 et
934 631 999 682 de
1030 640 1258 697 tempore
1289 629 1488 697 loquor,
1533 638 1582 681 et
1613 639 1790 681 tamen
1816 631 1991 682 nescio
2020 632 2154 700 quid
2182 632 2255 683 sit

427 725 645 784 tempus,
690 712 857 782 inquit
882 710 1201 783 Augustinus
1237 710 1380 762 initio
1422 709 1541 762 libri
1587 713 1652 763 de
1693 713 1962 779 Tempore.
2041 713 2158 774 Qua
2202 712 2255 764 in

425 814 485 849 re
511 814 711 866 nequeo
754 795 881 848 satis
906 792 1153 847 admirari
1182 792 1284 844 Dei
1323 793 1445 863 Opt.
1477 793 1621 844 Max.
1653 791 1904 845 infinitam
1933 792 2254 862 sapientiam,

425 877 750 932 retundentis
776 878 873 930 hoc
914 882 1065 947 pacto
1091 877 1366 927 humanam
1397 874 1705 945 superbiam,
1752 881 1805 927 et
1838 875 2257 945 repraesentantis

425 961 727 1014 mortalibus
756 960 897 1013 velut
934 959 988 1011 in
1031 958 1234 1029 speculo
1279 957 1485 1009 inanem
1529 956 1666 1009 illam
1711 950 2115 1033 δοκησισοφίαν,
2155 975 2257 1028 qua

424 1043 522 1095 sibi
549 1045 798 1096 videntur
824 1042 1040 1110 aliquid
1069 1059 1190 1102 csse,
1223 1059 1343 1093 cum
1370 1040 1515 1091 nihil
1540 1041 1700 1101 simu,
1731 1038 1917 1092 misere
1946 1040 2258 1109 decipientes

424 1142 514 1176 cor
542 1142 705 1177 suum.
775 1125 853 1176 Ut
879 1122 1070 1175 scilicet
1099 1121 1298 1174 discant
1326 1121 1691 1173 homunciones
1720 1124 1936 1174 '‘metiri
1961 1141 2014 1175 se
2041 1124 2257 1175 modulo

425 1226 493 1260 ac
512 1208 651 1275 pede
678 1224 789 1268 su0‚
819 1223 914 1257 nec
942 1206 1162 1272 Ysapere
1201 1204 1354 1255 ultra
1383 1222 1549 1272 quam
1579 1221 1694 1272 par
1722 1214 1812 1265 est,
1850 1205 1943 1257 sed
1964 1223 2153 1273 sapere
2181 1207 2258 1256 ad

424 1291 764 1342 sobrietatem
810 1293 1147 1359 agnoscentes
1188 1284 1534 1355 insipientiam
1579 1302 1740 1347 suam,
1784 1291 1844 1338 ut
1885 1286 2001 1338 Deo
2050 1285 2259 1357 integra

426 1377 626 1425 constet
654 1370 920 1442 sapientiae
950 1386 1055 1423 suae
1085 1366 1265 1439 gloria.

576 1558 593 1577 ¹¹
618 1553 708 1590 Gal.
727 1552 777 1590 vi.
798 1556 834 1590 3.
1027 1560 1046 1581 x
1073 1554 1215 1591 Horat.
1235 1554 1272 1591 I.
1292 1553 1423 1601 Epist.
1442 1564 1519 1591 vn.
1541 1553 1639 1602 [98].
1809 1557 1826 1586 5
1851 1552 1970 1589 Rom.
1989 1552 2060 1589 xii.
2074 1554 2114 1592 3.
