2482 4166
682 1110 1151 1156 EMENDANDUM
1194 1111 1266 1155 IN
1308 1111 1676 1156 CONTEXTU.

265 1359 383 1399 Prael.
403 1371 431 1397 1.
460 1360 565 1398 Soet.
584 1362 630 1399 3:
660 1361 751 1407 Pro,
768 1361 960 1410 obliqetur
976 1361 1018 1398 in
1036 1361 1283 1407 conscientia,
1302 1361 1393 1410 lege
1411 1361 1605 1410 obliqetur
1621 1361 1711 1411 quis
1728 1363 1769 1400 in
1787 1365 2036 1402 conscientia.

898 1827 1213 1873 ADDENDA
1252 1829 1299 1873 N
1304 1828 1461 1874 OTIS.

268 2079 387 2117 Prael.
407 2090 437 2118 1.
464 2079 567 2117 Sect.
586 2080 633 2117 3:
660 2078 765 2117 adv.
783 2079 989 2117 Bernardz·
1013 2080 1127 2126 adde,
1157 2079 1310 2128 [Tract.
1337 2080 1387 2117 de
1414 2080 1601 2117 Interiori
1627 2080 1775 2128 Domo,
1804 2093 1890 2130 cap.
1913 2084 1965 2120 xi.
2000 2084 2109 2134 Opp.

859 2156 975 2193 Tom.
994 2167 1043 2194 ιι.
1061 2168 1102 2204 p.
1119 2158 1192 2195 341
1210 2155 1273 2205 A.]

275 2273 563 2284 ..................
583 2248 631 2286 5:
662 2246 714 2285 ad
732 2257 771 2283 v·
789 2245 978 2292 Nonium,
1005 2246 1119 2292 adde,
1140 2245 1209 2296 [de
1223 2246 1475 2296 Proprietate
1495 2247 1745 2295 Sermonum,
1762 2259 1804 2296 p.
1819 2248 1907 2292 456,
1928 2248 1990 2287 ed.
2002 2248 2110 2286 Ant-

866 2334 972 2371 verp.
991 2334 1028 2360 a.
1047 2320 1183 2371 1565.]

276 2435 530 2446 ................
559 2411 630 2447 28:
657 2409 709 2445 ad
727 2421 790 2446 vv.
817 2408 1016 2457 Equidem
1043 2410 1146 2447 nihil
1173 2409 1264 2447 hinc
1289 2410 1495 2461 dffndere
1519 2422 1693 2459 possum,
1722 2411 1839 2459 adde,
1873 2410 1942 2461 [ex
1968 2411 2110 2449 Horat.

869 2485 956 2523 Lib.
978 2496 1026 2523 11.
1046 2486 1164 2524 Satir.
1182 2486 1207 2523 i.
1228 2499 1263 2523 v.
1282 2485 1370 2535 79].

270 2574 390 2611 Prael.
410 2584 458 2612 11.
479 2574 585 2612 Sect.
605 2574 626 2612 7
640 2587 649 2612 :
677 2574 727 2610 ad
744 2586 781 2612 v.
800 2574 1011 2623 Josephus,
1030 2575 1145 2623 adde,
1166 2575 1287 2624 [conf.
1310 2575 1357 2612 de
1373 2574 1469 2612 Jur.
1492 2574 1682 2623 Obliqat„
1702 2575 1817 2613 Prael.
1839 2587 1881 2613 v.
1901 2577 2005 2614 Seet.
2025 2578 2047 2616 7
2052 2576 2084 2625 .]

272 2663 389 2700 Prael.
408 2673 464 2700 xv.
492 2663 597 2700 Sect.
618 2664 689 2699 12:
716 2663 767 2700 ad
783 2676 844 2702 vv.
865 2664 1001 2712 iniquo
1026 2676 1221 2702 secernere
1233 2664 1398 2712 justum,
1423 2664 1526 2701 adde
1545 2663 1613 2714 [ex
1631 2664 1771 2703 Horat.
1795 2666 1883 2703 Lib.
1906 2677 1936 2703 1.
1956 2667 2038 2704 Sat.
2058 2667 2112 2705 iii.

868 2750 903 2775 v.
923 2736 1031 2786 113.]
