2482 4166
441 254 544 306 162
702 264 787 306 DE
829 263 1057 307 LEGUM
1096 262 1519 308 HUMANARUM
1561 263 2011 308 OBLIGATIONE.

445 391 768 445 Colossenses
810 408 907 443 nec
962 392 1299 444 conscientiis
1342 393 1457 445 suis
1504 393 1751 461 laqueum
1803 391 1938 463 injici
1981 390 2150 443 sinant
2206 390 2273 442 ab

442 493 618 526 eorum
661 472 967 543 imposturis,
1048 473 1168 525 Non
1210 490 1336 544 ergo
1375 481 1588 543 peccant
1629 477 2001 545 Mayistratus
2032 475 2271 543 politici,

443 556 530 625 qui
557 556 611 607 in
635 556 790 608 rebus
817 554 997 607 mediis
1024 554 1198 624 aliqua
1222 554 1437 608 subditis
1469 559 1805 626 praecipiunt
1847 563 1938 610 aut
1965 557 2270 626 prohibent,

439 637 692 700 utilitatis,
723 636 932 700 ordiniS,
964 643 1055 690 aut
1083 637 1366 689 honestatis
1395 644 1447 689 et
1473 637 1644 689 decori
1682 639 1882 710 gratia3
1928 639 2057 691 citra
2098 644 2273 691 tamen

441 722 741 790 opinionem
767 721 1099 772 necessitatis
1128 736 1193 770 ex
1222 718 1418 771 utravis
1460 725 1625 788 parte,
1670 721 1808 789 quod
1851 720 1920 772 ad
1957 738 2069 775 rem
2109 719 2274 788 ipsam

432 814 765 873 praeceptam
811 801 895 854 vel
924 802 1263 870 prohibitam
1301 807 1514 869 spectat.
1601 802 1824 854 Peccant
1861 802 2031 871 potius
2073 804 2276 855 Minis-

444 886 559 937 telli
586 884 659 936 illi
686 886 780 952 (M
779 884 1051 952 ayistellos
1078 881 1268 934 rectius
1296 881 1530 943 dixerim,
1561 881 1636 935 ita
1663 885 2074 952 Mayistraliter
2103 882 2274 935 omnia

441 966 857 1036 pronunciantes)
888 964 977 1033 qui
1018 963 1252 1016 innoxias
1296 966 1366 1016 M
1367 966 1735 1033 aqistratuum
1776 967 1943 1035 Leyes
1979 965 2273 1035 importune

441 1047 728 1108 sollicitant,
760 1049 1097 1099 dictaturam
1129 1048 1191 1097 in
1216 1048 1567 1099 conscientias
1587 1047 1761 1117 populi
1779 1055 2036 1110 exercent,
2057 1054 2109 1100 et
2134 1047 2273 1116 quod

441 1147 545 1180 non
589 1128 723 1197 sapit
765 1128 990 1197 ipsorum
1037 1126 1226 1195 palat0,
1267 1125 1321 1178 id
1367 1145 1516 1179 omne
1560 1135 1651 1182 aut
1687 1131 1989 1200 impietatis
2027 1130 2274 1183 damnant

443 1210 715 1278 extempIO,
747 1215 838 1261 aut
866 1208 1048 1260 saltem
1075 1209 1488 1276 superstitionis.

566 1292 794 1345 XXXV.
843 1289 995 1353 Quod
1025 1296 1210 1358 quarto
1239 1289 1349 1342 loeo
1376 1307 1441 1342 ex
1464 1307 1523 1342 eo
1541 1298 1747 1362 urgent,
1771 1293 1909 1361 quod
1924 1311 2016 1346 nos
2038 1291 2274 1346 Christus

440 1373 683 1427 liberavit
710 1392 743 1426 a
775 1374 975 1442 leyibus
1012 1374 1124 1425 Dei
1156 1373 1414 1440 positivis
1433 1392 1453 1433 ;
1497 1391 1624 1444 ergo
1659 1374 1820 1427 multo
1854 1375 2009 1428 etiam
2040 1374 2205 1446 magis
2242 1393 2275 1426 a

447 1458 645 1526 leyibus
674 1457 927 1508 humanis
946 1474 963 1507 :
1003 1472 1105 1505 non
1144 1472 1245 1505 uno
1285 1454 1435 1506 modo
1464 1462 1657 1524 peccat.
1731 1457 1990 1527 Imprimis
2017 1475 2120 1509 non
2148 1456 2274 1509 illud
2300 1463 2318 1502 l

446 1556 568 1590 vere
598 1537 801 1599 dicitur,
836 1536 1098 1589 Christum
1126 1553 1219 1587 nos
1247 1535 1492 1589 liberasse
1527 1555 1559 1589 a
1600 1539 1803 1606 Zeyibus
1840 1542 1952 1593 Dei
1979 1541 2271 1609 positivis.-

445 1620 629 1689 quibus
674 1619 863 1672 scilicet
911 1636 1172 1687 nunquam
1216 1618 1535 1671 tenebamur.
1622 1621 1792 1688 Leyes
1834 1621 1967 1673 enim
2003 1623 2272 1691 positivae,

444 1703 551 1754 sive
579 1700 695 1763 Dei,
727 1701 835 1754 sive
863 1700 1139 1761 hominum,
1170 1717 1274 1750 non
1303 1701 1545 1768 obliqant
1572 1700 1669 1753 nisi
1694 1720 1780 1754 eos
1809 1703 2062 1756 duntaxat
2082 1704 2274 1772 quibus

435 1786 631 1853 positae
659 1793 798 1837 sunt.
877 1782 980 1835 Dei
1003 1787 1175 1834 autem
1221 1783 1355 1850 leyes
1397 1781 1511 1844 illae,
1544 1800 1671 1852 quas
1689 1787 1962 1853 positivas
1990 1792 2188 1846 vocant,
2222 1791 2275 1836 et

445 1884 476 1917 a
505 1865 688 1934 quibus
717 1882 808 1916 nos
834 1882 928 1934 per
959 1863 1153 1916 Christi
1178 1870 1397 1915 mortem
1419 1863 1665 1918 liberatos
1693 1866 1886 1929 volunt,
1911 1866 2018 1920 sive
2041 1869 2274 1920 Rituum

443 1947 552 2000 sive
581 1948 943 2008 Judiciorum‚
973 1947 1186 1998 Judoeis
1214 1951 1415 1998 tantum
1443 1945 1626 2015 positae
1653 1955 1804 2011 sunt3
1848 1949 2010 2010 nobis,
2041 1950 2138 2002 hoc
2177 1955 2270 2008 est,

432 2030 636 2099 populo
671 2030 1002 2089 Christiano,
1034 2044 1137 2078 non
1179 2026 1318 2080 item.
1409 2027 1629 2090 Deinde,
1674 2029 1762 2082 ubi
1805 2030 1928 2099 quid
1970 2032 2114 2083 Deus
2145 2032 2274 2098 fieri
2294 2033 2323 2073 2

442 2113 570 2164 velit
598 2110 720 2163 satis
746 2116 961 2172 constat,
992 2127 1096 2161 non
1127 2115 1205 2161 est
1233 2116 1466 2161 nostrum
1509 2127 1575 2161 ex
1618 2112 1902 2165 collatione
1940 2123 2275 2182 comparato-

442 2212 565 2244 rum
586 2192 925 2262 importunius
953 2197 1199 2253 statuere,
1239 2190 1363 2260 quid
1393 2193 1523 2258 fieri
1564 2193 1762 2245 debuit.
1852 2194 2068 2247 Constat
2103 2200 2276 2246 autem

443 2282 720 2344 utrumque
748 2276 919 2326 Deum
948 2272 1190 2326 voluisse:
1221 2280 1274 2325 et
1303 2280 1362 2326 ut
1383 2275 1553 2342 Leqes
1581 2276 1756 2343 ipsius
1773 2278 2025 2344 positivae
2048 2277 2276 2329 Hebraeo

441 2357 629 2427 populo
674 2375 707 2409 a
750 2359 903 2410 Mose
948 2355 1154 2410 traditae
1198 2374 1302 2407 non
1351 2355 1643 2426 obligarent
1702 2359 2041 2412 Christianos
2063 2378 2080 2410 .·
2123 2365 2176 2410 et
2218 2364 2282 2410 ut.

443 2441 612 2509 Leyes
640 2440 890 2492 humance
919 2457 951 2492 a
980 2437 1375 2509 Magistratibus
1403 2437 1505 2490 rite
1534 2437 1785 2493 institutae
1812 2442 2054 2496 subditos
2082 2439 2277 2512 obliga-

446 2628 650 2671 manded
670 2630 762 2671 and
783 2643 910 2673 some
929 2630 1197 2687 prohibited
1220 2629 1282 2687 by
1302 2630 1384 2673 the
1404 2630 1691 2687 Magistrate,
1710 2630 1785 2673 for
1804 2629 1886 2673 the
1905 2628 2017 2675 sake
2042 2628 2097 2672 of
2111 2642 2275 2672 eonve-

444 2700 623 2751 nience,
656 2699 807 2752 order,
839 2714 893 2743 or
926 2701 1143 2758 decency,
1179 2700 1374 2744 without
1408 2700 1549 2758 being
1582 2706 1668 2758 put
1695 2700 1918 2745 forwards
1951 2714 2000 2744 as
2033 2713 2282 2761 necessary*

446 2769 596 2812 either
626 2783 740 2826 way.

540 2839 803 2883 Sanderson
835 2845 968 2884 notes
1000 2841 1081 2884 the
1107 2854 1300 2884 manner
1332 2841 1382 2884 in
1412 2840 1562 2884 which
1595 2841 1677 2884 the
1710 2841 1897 2884 “Little
1916 2839 2192 2891 Ministers,''
2223 2853 2277 2883 or

447 2910 631 2954 “Little
658 2911 889 2954 Masters”
911 2911 965 2955 of
992 2911 1063 2955 his
1094 2912 1208 2954 time
1234 2911 1327 2954 had
1358 2911 1554 2955 assailed
1584 2911 1666 2954 the
1704 2911 1928 2954 harmless
1952 2911 2084 2953 Laws
2109 2911 2163 2953 of
2194 2910 2276 2953 the

446 2982 758 3038 Magistrates,
783 2982 876 3024 and
907 2982 1200 3026 condemned
1230 2996 1280 3025 as
1317 2983 1516 3039 impious
1549 2982 1643 3025 and
1675 2981 1996 3039 superstitious
2029 2980 2093 3025 all
2125 2980 2276 3023 which

451 3052 564 3110 they
585 3052 796 3104 disliked‚
817 3052 926 3096 thus
948 3053 1132 3109 lording
1152 3053 1189 3095 it
1210 3067 1320 3096 over
1340 3053 1483 3097 men's
1506 3053 1822 3097 Consciences.

538 3129 608 3167 35.
673 3121 736 3175 4⁰,
767 3123 899 3181 They
922 3137 1036 3180 urge
1066 3123 1170 3166 that
1197 3123 1352 3167 Christ
1376 3124 1459 3167 has
1484 3124 1713 3167 liberated
1737 3137 1791 3167 us
1815 3122 1939 3166 from
1964 3121 2045 3165 the
2070 3122 2276 3166 Positive

447 3195 578 3237 Laws
600 3194 654 3237 of
676 3194 796 3246 God,
816 3194 1052 3238 therefore
1073 3194 1212 3238 much
1233 3209 1363 3238 more
1385 3195 1508 3238 from
1533 3194 1614 3239 the
1635 3195 1767 3238 Laws
1789 3194 1843 3237 of
1861 3207 1984 3236 man.

533 3264 647 3308 Ans.
677 3269 760 3308 lst.
826 3265 980 3309 Christ
1010 3265 1093 3308 has
1124 3270 1208 3308 not
1236 3266 1465 3310 liberated
1496 3280 1549 3309 us
1579 3265 1702 3309 from
1732 3265 1813 3309 the
1839 3264 2042 3309 Positive
2066 3263 2197 3307 Laws
2228 3263 2283 3306 of

451 3336 579 3388 God3
601 3350 668 3379 we
688 3350 809 3379 were
830 3350 972 3379 never
991 3336 1151 3380 bound
1169 3336 1232 3394 by
1256 3337 1399 3380 them.
1445 3337 1650 3381 Positive
1670 3337 1802 3379 Laws
1822 3350 1902 3379 are
1922 3336 2031 3379 laws
2049 3334 2126 3378 for
2143 3333 2277 3378 those

450 3407 558 3463 only
577 3411 627 3450 to
648 3406 800 3450 whom
821 3407 934 3465 they
954 3421 1033 3451 are
1054 3408 1204 3464 given.
1268 3409 1363 3451 But
1383 3407 1506 3452 what
1525 3408 1638 3465 they
1658 3407 1748 3451 call
1772 3406 1853 3450 the
1873 3406 2078 3450 Positive
2097 3405 2207 3448 Law
2227 3404 2282 3446 of

448 3477 565 3528 God,
597 3477 783 3536 namely
810 3478 892 3522 the
917 3478 1079 3523 Ritual
1107 3479 1218 3522 Law
1243 3478 1297 3522 of
1315 3478 1396 3524 the
1421 3479 1559 3532 Jews,
1587 3491 1679 3522 was
1715 3490 1858 3522 never
1885 3476 2023 3533 given
2046 3479 2096 3521 to
2123 3474 2278 3518 Chris-

450 3547 582 3591 tians.

536 3616 650 3661 Ans.
675 3619 749 3662 2d.
812 3620 968 3664 When
1000 3634 1068 3663 we
1093 3620 1230 3664 know
1266 3620 1389 3664 what
1414 3622 1451 3664 is
1479 3618 1619 3664 God's
1651 3617 1775 3669 Will,
1799 3630 1868 3660 we
1901 3631 1982 3661 are
2011 3620 2096 3660 not
2126 3620 2177 3659 to
2203 3620 2279 3673 try

447 3690 496 3729 to
526 3701 669 3742 prove
699 3689 763 3745 by
788 3690 1025 3734 inferenee
1049 3691 1172 3734 what
1198 3693 1329 3748 ouyht
1357 3700 1398 3734 to
1425 3693 1470 3734 be
1493 3690 1564 3733 his
1588 3689 1712 3732 Will.
1777 3688 1895 3732 Now
1916 3702 1983 3731 we
2007 3687 2143 3730 know
2175 3686 2278 3729 that

450 3756 487 3798 it
513 3756 550 3798 is
573 3757 713 3801 God's
730 3760 840 3802 Will
864 3761 980 3804 both
1001 3761 1103 3805 that
1127 3762 1209 3805 the
1234 3762 1439 3806 Positive
1460 3762 1568 3805 Law
1588 3761 1726 3817 given
1749 3763 1799 3802 to
1824 3759 1978 3803 Moses
2003 3757 2167 3804 should
2195 3760 2278 3800 not
