<?xml version="1.0" encoding="UTF-8"?>
<!DOCTYPE html PUBLIC "-//W3C//DTD XHTML 1.0 Transitional//EN"
    "http://www.w3.org/TR/xhtml1/DTD/xhtml1-transitional.dtd">
<html xmlns="http://www.w3.org/1999/xhtml" xml:lang="en" lang="en">
 <head>
  <title>
</title>
<meta http-equiv="Content-Type" content="text/html;charset=utf-8" />
  <meta name='ocr-system' content='tesseract 3.04.00' />
  <meta name='ocr-capabilities' content='ocr_page ocr_carea ocr_par ocr_line ocrx_word'/>
</head>
<body>
  <div class='ocr_page' id='page_1' title='image "./deobligationecon00sanduoft_0100.png"; bbox 0 0 2482 4166; ppageno 0'>
   <div class='ocr_carea' id='block_1_1' title="bbox 426 309 1720 365">
    <p class='ocr_par' dir='ltr' id='par_1_1' title="bbox 426 309 1720 365">
     <span class='ocr_line' id='line_1_1' title="bbox 426 309 1720 365; baseline -0.002 0"><span class='ocrx_word' id='word_1_1' title='bbox 426 309 495 365; x_wconf 77' lang='lat'><em>76</em></span> <span class='ocrx_word' id='word_1_2' title='bbox 958 319 1044 361; x_wconf 86' lang='lat' dir='ltr'><em>DE</em></span> <span class='ocrx_word' id='word_1_3' title='bbox 1086 319 1341 363; x_wconf 81' lang='lat' dir='ltr'>PIORUM</span> <span class='ocrx_word' id='word_1_4' title='bbox 1381 319 1720 362; x_wconf 79' lang='lat' dir='ltr'>EXEMPLIS.</span> 
     </span>
    </p>
   </div>
   <div class='ocr_carea' id='block_1_2' title="bbox 423 444 2260 2321">
    <p class='ocr_par' dir='ltr' id='par_1_2' title="bbox 423 444 2259 1989">
     <span class='ocr_line' id='line_1_2' title="bbox 424 444 2256 517; baseline -0.001 -19"><span class='ocrx_word' id='word_1_5' title='bbox 424 445 478 498; x_wconf 91' lang='lat' dir='ltr'><em>in</em></span> <span class='ocrx_word' id='word_1_6' title='bbox 506 444 716 517; x_wconf 87' lang='lat' dir='ltr'><em>reliquis</em></span> <span class='ocrx_word' id='word_1_7' title='bbox 743 452 912 500; x_wconf 88' lang='lat' dir='ltr'><em>autem</em></span> <span class='ocrx_word' id='word_1_8' title='bbox 945 446 1125 509; x_wconf 91' lang='lat' dir='ltr'><em>tribus,</em></span> <span class='ocrx_word' id='word_1_9' title='bbox 1168 449 1287 510; x_wconf 85' lang='lat' dir='ltr'><em>Ubi,</em></span> <span class='ocrx_word' id='word_1_10' title='bbox 1324 450 1566 509; x_wconf 80' lang='lat' dir='ltr'><em>Quando,</em></span> <span class='ocrx_word' id='word_1_11' title='bbox 1598 458 1647 500; x_wconf 85' lang='lat' dir='ltr'><em>et</em></span> <span class='ocrx_word' id='word_1_12' title='bbox 1676 448 1906 509; x_wconf 91' lang='lat' dir='ltr'><em>Habitu,</em></span> <span class='ocrx_word' id='word_1_13' title='bbox 1939 445 2022 499; x_wconf 90' lang='lat' dir='ltr'><em>vel</em></span> <span class='ocrx_word' id='word_1_14' title='bbox 2042 445 2256 498; x_wconf 88' lang='lat' dir='ltr'><em>istorum</em></span> 
     </span>
     <span class='ocr_line' id='line_1_3' title="bbox 424 528 2253 601; baseline -0.001 -22"><span class='ocrx_word' id='word_1_15' title='bbox 424 528 651 597; x_wconf 91' lang='lat' dir='ltr'><em>ipsorum</em></span> <span class='ocrx_word' id='word_1_16' title='bbox 688 528 879 599; x_wconf 88' lang='lat' dir='ltr'><em>judicio</em></span> <span class='ocrx_word' id='word_1_17' title='bbox 925 530 1014 599; x_wconf 87' lang='lat' dir='ltr'><em>qui</em></span> <span class='ocrx_word' id='word_1_18' title='bbox 1057 529 1154 581; x_wconf 89' lang='lat' dir='ltr'><em>hoc</em></span> <span class='ocrx_word' id='word_1_19' title='bbox 1196 529 1483 599; x_wconf 87' lang='lat' dir='ltr'><em>exemplum</em></span> <span class='ocrx_word' id='word_1_20' title='bbox 1538 536 1742 601; x_wconf 88' lang='lat' dir='ltr'><em>urgent,</em></span> <span class='ocrx_word' id='word_1_21' title='bbox 1794 546 1896 580; x_wconf 90' lang='lat' dir='ltr'><em>non</em></span> <span class='ocrx_word' id='word_1_22' title='bbox 1954 528 2253 598; x_wconf 79' lang='lat' dir='ltr'>obligemur.</span> 
     </span>
     <span class='ocr_line' id='line_1_4' title="bbox 423 610 2254 681; baseline -0.001 -19"><span class='ocrx_word' id='word_1_23' title='bbox 423 611 609 680; x_wconf 82' lang='lat' dir='ltr'>Neque</span> <span class='ocrx_word' id='word_1_24' title='bbox 647 611 780 664; x_wconf 92' lang='lat' dir='ltr'><em>enim</em></span> <span class='ocrx_word' id='word_1_25' title='bbox 815 611 913 681; x_wconf 87' lang='lat' dir='ltr'><em>ipsi</em></span> <span class='ocrx_word' id='word_1_26' title='bbox 950 611 1246 663; x_wconf 85' lang='lat' dir='ltr'><em>existimant</em></span> <span class='ocrx_word' id='word_1_27' title='bbox 1279 628 1389 663; x_wconf 92' lang='lat' dir='ltr'><em>esse</em></span> <span class='ocrx_word' id='word_1_28' title='bbox 1417 610 1774 673; x_wconf 90' lang='lat' dir='ltr'><em>necessarium,</em></span> <span class='ocrx_word' id='word_1_29' title='bbox 1805 618 1896 663; x_wconf 91' lang='lat' dir='ltr'><em>aut</em></span> <span class='ocrx_word' id='word_1_30' title='bbox 1924 610 2094 680; x_wconf 87' lang='lat' dir='ltr'><em>quoad</em></span> <span class='ocrx_word' id='word_1_31' title='bbox 2131 611 2254 671; x_wconf 86' lang='lat' dir='ltr'><em>Ubi,</em></span> 
     </span>
     <span class='ocr_line' id='line_1_5' title="bbox 424 692 2257 761; baseline -0.001 -16"><span class='ocrx_word' id='word_1_32' title='bbox 424 699 484 745; x_wconf 92' lang='lat' dir='ltr'><em>ut</em></span> <span class='ocrx_word' id='word_1_33' title='bbox 512 711 659 745; x_wconf 87' lang='lat' dir='ltr'><em>sacra</em></span> <span class='ocrx_word' id='word_1_34' title='bbox 687 692 1012 745; x_wconf 87' lang='lat' dir='ltr'><em>Eucharistia</em></span> <span class='ocrx_word' id='word_1_35' title='bbox 1040 692 1093 744; x_wconf 91' lang='lat' dir='ltr'><em>in</em></span> <span class='ocrx_word' id='word_1_36' title='bbox 1111 695 1357 761; x_wconf 85' lang='lat' dir='ltr'><em>privatis</em></span> <span class='ocrx_word' id='word_1_37' title='bbox 1386 694 1590 745; x_wconf 84' lang='lat' dir='ltr'><em>oedibus</em></span> <span class='ocrx_word' id='word_1_38' title='bbox 1619 699 1672 744; x_wconf 88' lang='lat' dir='ltr'><em>et</em></span> <span class='ocrx_word' id='word_1_39' title='bbox 1699 692 1751 743; x_wconf 92' lang='lat' dir='ltr'><em>in</em></span> <span class='ocrx_word' id='word_1_40' title='bbox 1781 694 2047 744; x_wconf 77' lang='lat' dir='ltr'><em>coenaculo</em></span> <span class='ocrx_word' id='word_1_41' title='bbox 2070 694 2257 743; x_wconf 81' lang='lat' dir='ltr'><em>domus</em></span> 
     </span>
     <span class='ocr_line' id='line_1_6' title="bbox 424 771 2259 849; baseline -0.002 -22"><span class='ocrx_word' id='word_1_42' title='bbox 424 778 711 844; x_wconf 72' lang='lat' dir='ltr'><em>superiore,</em></span> <span class='ocrx_word' id='word_1_43' title='bbox 749 771 987 849; x_wconf 66' lang='grc' dir='ltr'><em>ὑπερῴῳ,</em></span> <span class='ocrx_word' id='word_1_44' title='bbox 1023 774 1326 836; x_wconf 90' lang='lat' dir='ltr'><em>celebretur,</em></span> <span class='ocrx_word' id='word_1_45' title='bbox 1377 780 1468 826; x_wconf 91' lang='lat' dir='ltr'><em>aut</em></span> <span class='ocrx_word' id='word_1_46' title='bbox 1509 774 1678 842; x_wconf 90' lang='lat' dir='ltr'><em>quoad</em></span> <span class='ocrx_word' id='word_1_47' title='bbox 1716 775 1961 839; x_wconf 78' lang='lat' dir='ltr'><em>Quando,</em></span> <span class='ocrx_word' id='word_1_48' title='bbox 1992 779 2051 825; x_wconf 92' lang='lat' dir='ltr'><em>ut</em></span> <span class='ocrx_word' id='word_1_49' title='bbox 2089 772 2259 842; x_wconf 90' lang='lat' dir='ltr'><em>prima</em></span> 
     </span>
     <span class='ocr_line' id='line_1_7' title="bbox 424 853 2255 926; baseline -0.002 -19"><span class='ocrx_word' id='word_1_50' title='bbox 424 863 574 909; x_wconf 87' lang='lat' dir='ltr'><em>nocte</em></span> <span class='ocrx_word' id='word_1_51' title='bbox 618 863 671 909; x_wconf 92' lang='lat' dir='ltr'><em>et</em></span> <span class='ocrx_word' id='word_1_52' title='bbox 706 867 834 926; x_wconf 90' lang='lat' dir='ltr'><em>post</em></span> <span class='ocrx_word' id='word_1_53' title='bbox 879 875 1082 909; x_wconf 88' lang='lat' dir='ltr'><em>coenam</em></span> <span class='ocrx_word' id='word_1_54' title='bbox 1098 876 1119 917; x_wconf 89' lang='lat'><em>;</em></span> <span class='ocrx_word' id='word_1_55' title='bbox 1162 862 1253 908; x_wconf 89' lang='lat' dir='ltr'><em>aut</em></span> <span class='ocrx_word' id='word_1_56' title='bbox 1298 855 1469 925; x_wconf 90' lang='lat' dir='ltr'><em>quoad</em></span> <span class='ocrx_word' id='word_1_57' title='bbox 1517 857 1804 917; x_wconf 78' lang='lat' dir='ltr'><strong><em>Habitum,</em></strong></span> <span class='ocrx_word' id='word_1_58' title='bbox 1852 860 1911 906; x_wconf 90' lang='lat' dir='ltr'><em>ut</em></span> <span class='ocrx_word' id='word_1_59' title='bbox 1948 872 1981 906; x_wconf 90' lang='lat' dir='ltr'><em>a</em></span> <span class='ocrx_word' id='word_1_60' title='bbox 2022 853 2255 905; x_wconf 88' lang='lat' dir='ltr'><em>ministro</em></span> 
     </span>
     <span class='ocr_line' id='line_1_8' title="bbox 428 935 2256 1005; baseline -0.003 -14"><span class='ocrx_word' id='word_1_61' title='bbox 428 941 614 991; x_wconf 88' lang='lat' dir='ltr'><em>tunica</em></span> <span class='ocrx_word' id='word_1_62' title='bbox 642 940 957 991; x_wconf 73' lang='lat' dir='ltr'><em>inconsutili</em></span> <span class='ocrx_word' id='word_1_63' title='bbox 981 938 1177 990; x_wconf 85' lang='lat' dir='ltr'><em>indutO.</em></span> <span class='ocrx_word' id='word_1_64' title='bbox 1249 938 1379 1000; x_wconf 70' lang='lat' dir='ltr'><em>Quae</em></span> <span class='ocrx_word' id='word_1_65' title='bbox 1407 944 1581 989; x_wconf 89' lang='lat' dir='ltr'><em>tamen</em></span> <span class='ocrx_word' id='word_1_66' title='bbox 1612 936 1781 988; x_wconf 89' lang='lat' dir='ltr'><em>omnia</em></span> <span class='ocrx_word' id='word_1_67' title='bbox 1808 935 1964 988; x_wconf 87' lang='lat' dir='ltr'><em>fuisse</em></span> <span class='ocrx_word' id='word_1_68' title='bbox 1993 935 2046 987; x_wconf 90' lang='lat' dir='ltr'><em>in</em></span> <span class='ocrx_word' id='word_1_69' title='bbox 2062 937 2256 1005; x_wconf 90' lang='lat' dir='ltr'><em>prima</em></span> 
     </span>
     <span class='ocr_line' id='line_1_9' title="bbox 426 1016 2257 1082; baseline -0.003 -9"><span class='ocrx_word' id='word_1_70' title='bbox 426 1038 575 1073; x_wconf 82' lang='lat' dir='ltr'><em>coena</em></span> <span class='ocrx_word' id='word_1_71' title='bbox 625 1021 911 1082; x_wconf 90' lang='lat' dir='ltr'><em>observata,</em></span> <span class='ocrx_word' id='word_1_72' title='bbox 965 1038 1030 1072; x_wconf 84' lang='lat' dir='ltr'><em>ex</em></span> <span class='ocrx_word' id='word_1_73' title='bbox 1078 1037 1224 1072; x_wconf 89' lang='lat' dir='ltr'><em>sacra</em></span> <span class='ocrx_word' id='word_1_74' title='bbox 1272 1018 1487 1071; x_wconf 87' lang='lat' dir='ltr'><em>historia</em></span> <span class='ocrx_word' id='word_1_75' title='bbox 1531 1025 1745 1080; x_wconf 87' lang='lat' dir='ltr'><em>constat,</em></span> <span class='ocrx_word' id='word_1_76' title='bbox 1790 1036 1883 1071; x_wconf 90' lang='lat' dir='ltr'><em>nec</em></span> <span class='ocrx_word' id='word_1_77' title='bbox 1928 1024 2006 1070; x_wconf 88' lang='lat' dir='ltr'><em>est</em></span> <span class='ocrx_word' id='word_1_78' title='bbox 2047 1018 2114 1070; x_wconf 89' lang='lat' dir='ltr'><em>ab</em></span> <span class='ocrx_word' id='word_1_79' title='bbox 2158 1016 2257 1068; x_wconf 92' lang='lat' dir='ltr'><em>illis</em></span> 
     </span>
     <span class='ocr_line' id='line_1_10' title="bbox 423 1098 2257 1172; baseline -0.002 -19"><span class='ocrx_word' id='word_1_80' title='bbox 423 1108 688 1172; x_wconf 89' lang='lat' dir='ltr'><em>negatum.</em></span> <span class='ocrx_word' id='word_1_81' title='bbox 777 1102 907 1154; x_wconf 85' lang='lat' dir='ltr'><em>Cum</em></span> <span class='ocrx_word' id='word_1_82' title='bbox 936 1119 1062 1172; x_wconf 90' lang='lat' dir='ltr'><em>ergo</em></span> <span class='ocrx_word' id='word_1_83' title='bbox 1090 1120 1202 1153; x_wconf 91' lang='lat' dir='ltr'><em>eam</em></span> <span class='ocrx_word' id='word_1_84' title='bbox 1234 1102 1531 1154; x_wconf 88' lang='lat' dir='ltr'><em>libertatem</em></span> <span class='ocrx_word' id='word_1_85' title='bbox 1573 1108 1626 1153; x_wconf 93' lang='lat' dir='ltr'><em>et</em></span> <span class='ocrx_word' id='word_1_86' title='bbox 1663 1100 1761 1171; x_wconf 89' lang='lat' dir='ltr'><em>ipsi</em></span> <span class='ocrx_word' id='word_1_87' title='bbox 1803 1106 2007 1152; x_wconf 90' lang='lat' dir='ltr'><em>sumant</em></span> <span class='ocrx_word' id='word_1_88' title='bbox 2050 1106 2102 1152; x_wconf 93' lang='lat' dir='ltr'><em>et</em></span> <span class='ocrx_word' id='word_1_89' title='bbox 2144 1098 2257 1150; x_wconf 89' lang='lat' dir='ltr'><em>aliis</em></span> 
     </span>
     <span class='ocr_line' id='line_1_11' title="bbox 425 1180 2257 1251; baseline -0.001 -17"><span class='ocrx_word' id='word_1_90' title='bbox 425 1182 722 1243; x_wconf 78' lang='lat' dir='ltr'>concedant,</span> <span class='ocrx_word' id='word_1_91' title='bbox 758 1189 818 1235; x_wconf 89' lang='lat' dir='ltr'><em>ut</em></span> <span class='ocrx_word' id='word_1_92' title='bbox 850 1182 1001 1234; x_wconf 88' lang='lat' dir='ltr'><em>liceat</em></span> <span class='ocrx_word' id='word_1_93' title='bbox 1036 1200 1070 1233; x_wconf 88' lang='lat' dir='ltr'><em>a</em></span> <span class='ocrx_word' id='word_1_94' title='bbox 1115 1184 1319 1236; x_wconf 77' lang='lat' dir='ltr'><em>Christi</em></span> <span class='ocrx_word' id='word_1_95' title='bbox 1357 1193 1407 1235; x_wconf 90' lang='lat' dir='ltr'><em>et</em></span> <span class='ocrx_word' id='word_1_96' title='bbox 1437 1183 1810 1251; x_wconf 78' lang='lat' dir='ltr'><em>Apostolorum</em></span> <span class='ocrx_word' id='word_1_97' title='bbox 1838 1184 2015 1250; x_wconf 65' lang='lat' dir='ltr'><em>praeci</em></span> <span class='ocrx_word' id='word_1_98' title='bbox 2038 1181 2092 1232; x_wconf 92' lang='lat' dir='ltr'><em>in</em></span> <span class='ocrx_word' id='word_1_99' title='bbox 2118 1180 2257 1240; x_wconf 89' lang='lat' dir='ltr'><em>hisce</em></span> 
     </span>
     <span class='ocr_line' id='line_1_12' title="bbox 425 1262 2256 1325; baseline -0.002 -9"><span class='ocrx_word' id='word_1_100' title='bbox 425 1264 661 1316; x_wconf 88' lang='lat' dir='ltr'><em>omnibus</em></span> <span class='ocrx_word' id='word_1_101' title='bbox 699 1262 860 1316; x_wconf 83' lang='lat' dir='ltr'><em>illaesa</em></span> <span class='ocrx_word' id='word_1_102' title='bbox 897 1263 1205 1316; x_wconf 87' lang='lat' dir='ltr'><em>conscientia</em></span> <span class='ocrx_word' id='word_1_103' title='bbox 1241 1263 1518 1325; x_wconf 92' lang='lat' dir='ltr'><em>discedere,</em></span> <span class='ocrx_word' id='word_1_104' title='bbox 1548 1263 1769 1316; x_wconf 86' lang='lat' dir='ltr'><em>libenter</em></span> <span class='ocrx_word' id='word_1_105' title='bbox 1797 1281 1829 1315; x_wconf 89' lang='lat' dir='ltr'><em>a</em></span> <span class='ocrx_word' id='word_1_106' title='bbox 1869 1262 2016 1314; x_wconf 89' lang='lat' dir='ltr'><em>novis</em></span> <span class='ocrx_word' id='word_1_107' title='bbox 2043 1262 2124 1314; x_wconf 90' lang='lat' dir='ltr'><em>his</em></span> <span class='ocrx_word' id='word_1_108' title='bbox 2152 1279 2256 1314; x_wconf 89' lang='lat' dir='ltr'><em>ma-</em></span> 
     </span>
     <span class='ocr_line' id='line_1_13' title="bbox 426 1344 2256 1417; baseline -0.002 -19"><span class='ocrx_word' id='word_1_109' title='bbox 426 1346 600 1417; x_wconf 80' lang='lat' dir='ltr'><em>gistris</em></span> <span class='ocrx_word' id='word_1_110' title='bbox 630 1345 833 1399; x_wconf 87' lang='lat' dir='ltr'><em>edoceri</em></span> <span class='ocrx_word' id='word_1_111' title='bbox 859 1345 1027 1408; x_wconf 91' lang='lat' dir='ltr'><em>velim,</em></span> <span class='ocrx_word' id='word_1_112' title='bbox 1059 1345 1183 1414; x_wconf 86' lang='lat' dir='ltr'><em>quid</em></span> <span class='ocrx_word' id='word_1_113' title='bbox 1211 1344 1278 1397; x_wconf 92' lang='lat' dir='ltr'><em>sit</em></span> <span class='ocrx_word' id='word_1_114' title='bbox 1305 1344 1358 1396; x_wconf 94' lang='lat' dir='ltr'><em>in</em></span> <span class='ocrx_word' id='word_1_115' title='bbox 1386 1344 1472 1397; x_wconf 90' lang='lat' dir='ltr'><em>illo</em></span> <span class='ocrx_word' id='word_1_116' title='bbox 1505 1346 1656 1398; x_wconf 84' lang='lat' dir='ltr'><em>Situs</em></span> <span class='ocrx_word' id='word_1_117' title='bbox 1676 1346 2098 1414; x_wconf 80' lang='lat' dir='ltr'><em>proedicamento</em></span> <span class='ocrx_word' id='word_1_118' title='bbox 2126 1344 2256 1396; x_wconf 89' lang='lat' dir='ltr'><em>adeo</em></span> 
     </span>
     <span class='ocr_line' id='line_1_14' title="bbox 425 1425 2258 1500; baseline -0.003 -18"><span class='ocrx_word' id='word_1_119' title='bbox 425 1428 704 1500; x_wconf 87' lang='lat' dir='ltr'><em>singulare,</em></span> <span class='ocrx_word' id='word_1_120' title='bbox 749 1434 807 1481; x_wconf 92' lang='lat' dir='ltr'><em>ut</em></span> <span class='ocrx_word' id='word_1_121' title='bbox 848 1435 956 1481; x_wconf 90' lang='lat' dir='ltr'><em>tam</em></span> <span class='ocrx_word' id='word_1_122' title='bbox 996 1428 1174 1492; x_wconf 87' lang='lat' dir='ltr'><em>mult0‚</em></span> <span class='ocrx_word' id='word_1_123' title='bbox 1215 1427 1323 1480; x_wconf 91' lang='lat' dir='ltr'><em>sive</em></span> <span class='ocrx_word' id='word_1_124' title='bbox 1368 1429 1525 1496; x_wconf 83' lang='lat' dir='ltr'><em>infra</em></span> <span class='ocrx_word' id='word_1_125' title='bbox 1567 1426 1672 1479; x_wconf 89' lang='lat' dir='ltr'><em>sive</em></span> <span class='ocrx_word' id='word_1_126' title='bbox 1715 1445 1900 1495; x_wconf 89' lang='lat' dir='ltr'><em>supra,</em></span> <span class='ocrx_word' id='word_1_127' title='bbox 1947 1425 2258 1478; x_wconf 77' lang='lat' dir='ltr'><em>consortium</em></span> 
     </span>
     <span class='ocr_line' id='line_1_15' title="bbox 426 1507 2258 1579; baseline -0.003 -16"><span class='ocrx_word' id='word_1_128' title='bbox 426 1529 634 1563; x_wconf 90' lang='lat' dir='ltr'><em>suorum</em></span> <span class='ocrx_word' id='word_1_129' title='bbox 669 1529 874 1563; x_wconf 91' lang='lat' dir='ltr'><em>censum</em></span> <span class='ocrx_word' id='word_1_130' title='bbox 916 1509 1099 1562; x_wconf 92' lang='lat' dir='ltr'><em>haberi</em></span> <span class='ocrx_word' id='word_1_131' title='bbox 1130 1516 1405 1571; x_wconf 89' lang='lat' dir='ltr'><em>mereatur,</em></span> <span class='ocrx_word' id='word_1_132' title='bbox 1444 1527 1538 1561; x_wconf 90' lang='lat' dir='ltr'><em>nec</em></span> <span class='ocrx_word' id='word_1_133' title='bbox 1573 1508 1724 1561; x_wconf 90' lang='lat' dir='ltr'><em>liceat</em></span> <span class='ocrx_word' id='word_1_134' title='bbox 1752 1508 1859 1560; x_wconf 91' lang='lat' dir='ltr'><em>sine</em></span> <span class='ocrx_word' id='word_1_135' title='bbox 1888 1507 2076 1579; x_wconf 89' lang='lat' dir='ltr'><em>grandi</em></span> <span class='ocrx_word' id='word_1_136' title='bbox 2104 1507 2258 1559; x_wconf 87' lang='lat' dir='ltr'><em>sacri-</em></span> 
     </span>
     <span class='ocr_line' id='line_1_16' title="bbox 426 1589 2255 1663; baseline -0.002 -19"><span class='ocrx_word' id='word_1_137' title='bbox 426 1591 562 1663; x_wconf 91' lang='lat' dir='ltr'><em>legio</em></span> <span class='ocrx_word' id='word_1_138' title='bbox 592 1610 624 1644; x_wconf 91' lang='lat' dir='ltr'><em>a</em></span> <span class='ocrx_word' id='word_1_139' title='bbox 644 1595 930 1662; x_wconf 81' lang='lat' dir='ltr'><em>primitivo</em></span> <span class='ocrx_word' id='word_1_140' title='bbox 959 1593 1055 1644; x_wconf 90' lang='lat' dir='ltr'><em>illo</em></span> <span class='ocrx_word' id='word_1_141' title='bbox 1084 1593 1315 1661; x_wconf 72' lang='lat' dir='ltr'><em>exemplo</em></span> <span class='ocrx_word' id='word_1_142' title='bbox 1345 1609 1410 1643; x_wconf 87' lang='lat' dir='ltr'><em>ex</em></span> <span class='ocrx_word' id='word_1_143' title='bbox 1437 1592 1535 1643; x_wconf 91' lang='lat' dir='ltr'><em>hac</em></span> <span class='ocrx_word' id='word_1_144' title='bbox 1563 1597 1764 1643; x_wconf 89' lang='lat' dir='ltr'><em>tantum</em></span> <span class='ocrx_word' id='word_1_145' title='bbox 1793 1597 1942 1659; x_wconf 89' lang='lat' dir='ltr'><em>parte</em></span> <span class='ocrx_word' id='word_1_146' title='bbox 1978 1589 2255 1641; x_wconf 84' lang='lat' dir='ltr'><em>discedere.</em></span> 
     </span>
     <span class='ocr_line' id='line_1_17' title="bbox 428 1665 2258 1743; baseline -0.003 -17"><span class='ocrx_word' id='word_1_147' title='bbox 428 1675 606 1743; x_wconf 90' lang='lat' dir='ltr'><em>AEqua</em></span> <span class='ocrx_word' id='word_1_148' title='bbox 647 1692 770 1726; x_wconf 91' lang='lat' dir='ltr'><em>sane</em></span> <span class='ocrx_word' id='word_1_149' title='bbox 805 1691 891 1726; x_wconf 92' lang='lat' dir='ltr'><em>res</em></span> <span class='ocrx_word' id='word_1_150' title='bbox 931 1680 1024 1734; x_wconf 88' lang='lat' dir='ltr'><em>est,</em></span> <span class='ocrx_word' id='word_1_151' title='bbox 1062 1680 1121 1725; x_wconf 92' lang='lat' dir='ltr'><em>ut</em></span> <span class='ocrx_word' id='word_1_152' title='bbox 1164 1680 1255 1725; x_wconf 88' lang='lat' dir='ltr'><em>aut</em></span> <span class='ocrx_word' id='word_1_153' title='bbox 1291 1672 1405 1743; x_wconf 89' lang='lat' dir='ltr'><em>pari</em></span> <span class='ocrx_word' id='word_1_154' title='bbox 1434 1690 1587 1743; x_wconf 91' lang='lat' dir='ltr'><em>passu</em></span> <span class='ocrx_word' id='word_1_155' title='bbox 1615 1665 1879 1724; x_wconf 79' lang='lat' dir='ltr'><em>ambulent</em></span> <span class='ocrx_word' id='word_1_156' title='bbox 1908 1678 2130 1740; x_wconf 88' lang='lat' dir='ltr'><em>quatuor</em></span> <span class='ocrx_word' id='word_1_157' title='bbox 2158 1670 2258 1722; x_wconf 90' lang='lat' dir='ltr'><em>ista</em></span> 
     </span>
     <span class='ocr_line' id='line_1_18' title="bbox 439 1751 2257 1824; baseline -0.003 -16"><span class='ocrx_word' id='word_1_158' title='bbox 439 1758 559 1818; x_wconf 84' lang='lat' dir='ltr'><em>Ubi,</em></span> <span class='ocrx_word' id='word_1_159' title='bbox 605 1758 848 1818; x_wconf 79' lang='lat' dir='ltr'><em>QuandO,</em></span> <span class='ocrx_word' id='word_1_160' title='bbox 893 1757 1058 1817; x_wconf 82' lang='lat' dir='ltr'><em>Situs,</em></span> <span class='ocrx_word' id='word_1_161' title='bbox 1107 1757 1352 1808; x_wconf 81' lang='lat' dir='ltr'><em>Habitus</em></span> <span class='ocrx_word' id='word_1_162' title='bbox 1369 1775 1389 1815; x_wconf 89' lang='lat'><em>,·</em></span> <span class='ocrx_word' id='word_1_163' title='bbox 1433 1761 1524 1806; x_wconf 91' lang='lat' dir='ltr'><em>aut</em></span> <span class='ocrx_word' id='word_1_164' title='bbox 1557 1754 1700 1824; x_wconf 89' lang='lat' dir='ltr'><em>justa</em></span> <span class='ocrx_word' id='word_1_165' title='bbox 1742 1753 1915 1822; x_wconf 89' lang='lat' dir='ltr'><em>aliqua</em></span> <span class='ocrx_word' id='word_1_166' title='bbox 1954 1751 2257 1805; x_wconf 80' lang='lat' dir='ltr'><em>discriminis</em></span> 
     </span>
     <span class='ocr_line' id='line_1_19' title="bbox 427 1834 2257 1908; baseline -0.002 -19"><span class='ocrx_word' id='word_1_167' title='bbox 427 1837 561 1891; x_wconf 91' lang='lat' dir='ltr'><em>ratio</em></span> <span class='ocrx_word' id='word_1_168' title='bbox 591 1856 681 1891; x_wconf 90' lang='lat' dir='ltr'><em>cur</em></span> <span class='ocrx_word' id='word_1_169' title='bbox 709 1837 763 1890; x_wconf 91' lang='lat' dir='ltr'><em>id</em></span> <span class='ocrx_word' id='word_1_170' title='bbox 791 1856 856 1890; x_wconf 91' lang='lat' dir='ltr'><em>ne</em></span> <span class='ocrx_word' id='word_1_171' title='bbox 889 1837 981 1890; x_wconf 86' lang='lat' dir='ltr'><em>fiat</em></span> <span class='ocrx_word' id='word_1_172' title='bbox 1013 1836 1341 1908; x_wconf 80' lang='lat' dir='ltr'><em>assignetur:</em></span> <span class='ocrx_word' id='word_1_173' title='bbox 1377 1836 1514 1906; x_wconf 90' lang='lat' dir='ltr'><em>quod</em></span> <span class='ocrx_word' id='word_1_174' title='bbox 1556 1854 1660 1888; x_wconf 90' lang='lat' dir='ltr'><em>non</em></span> <span class='ocrx_word' id='word_1_175' title='bbox 1696 1842 1775 1888; x_wconf 93' lang='lat' dir='ltr'><em>est</em></span> <span class='ocrx_word' id='word_1_176' title='bbox 1812 1836 1878 1887; x_wconf 90' lang='lat' dir='ltr'><em>ab</em></span> <span class='ocrx_word' id='word_1_177' title='bbox 1916 1834 1978 1886; x_wconf 91' lang='lat' dir='ltr'><em>iis</em></span> <span class='ocrx_word' id='word_1_178' title='bbox 2012 1835 2257 1887; x_wconf 87' lang='lat' dir='ltr'><em>hactenus</em></span> 
     </span>
     <span class='ocr_line' id='line_1_20' title="bbox 427 1918 1558 1989; baseline 0 -18"><span class='ocrx_word' id='word_1_179' title='bbox 427 1920 588 1989; x_wconf 90' lang='lat' dir='ltr'><em>(quod</em></span> <span class='ocrx_word' id='word_1_180' title='bbox 617 1919 795 1988; x_wconf 88' lang='lat' dir='ltr'><em>sciam)</em></span> <span class='ocrx_word' id='word_1_181' title='bbox 827 1918 1036 1982; x_wconf 88' lang='lat' dir='ltr'><em>factum,</em></span> <span class='ocrx_word' id='word_1_182' title='bbox 1068 1919 1256 1971; x_wconf 90' lang='lat' dir='ltr'><em>nedum</em></span> <span class='ocrx_word' id='word_1_183' title='bbox 1286 1925 1558 1971; x_wconf 89' lang='lat' dir='ltr'><em>tentatum.</em></span> 
     </span>
    </p>

    <p class='ocr_par' dir='ltr' id='par_1_3' title="bbox 426 2000 2260 2321">
     <span class='ocr_line' id='line_1_21' title="bbox 554 2000 2259 2069; baseline 0 -16"><span class='ocrx_word' id='word_1_184' title='bbox 554 2003 706 2055; x_wconf 91' lang='lat' dir='ltr'>XIX.</span> <span class='ocrx_word' id='word_1_185' title='bbox 798 2001 1085 2054; x_wconf 88' lang='lat' dir='ltr'><em>Observate</em></span> <span class='ocrx_word' id='word_1_186' title='bbox 1125 2003 1297 2063; x_wconf 89' lang='lat' dir='ltr'><em>terti0‚</em></span> <span class='ocrx_word' id='word_1_187' title='bbox 1341 2018 1498 2069; x_wconf 88' lang='lat' dir='ltr'><em>quum</em></span> <span class='ocrx_word' id='word_1_188' title='bbox 1536 2000 1723 2053; x_wconf 88' lang='lat' dir='ltr'><em>debeat</em></span> <span class='ocrx_word' id='word_1_189' title='bbox 1758 2017 1906 2052; x_wconf 89' lang='lat' dir='ltr'><em>omne</em></span> <span class='ocrx_word' id='word_1_190' title='bbox 1925 2002 2146 2069; x_wconf 81' lang='lat' dir='ltr'><em>factum</em></span> <span class='ocrx_word' id='word_1_191' title='bbox 2174 2019 2259 2053; x_wconf 72' lang='lat' dir='ltr'><em>eec-</em></span> 
     </span>
     <span class='ocr_line' id='line_1_22' title="bbox 427 2081 2259 2154; baseline -0.002 -16"><span class='ocrx_word' id='word_1_192' title='bbox 427 2086 663 2154; x_wconf 89' lang='lat' dir='ltr'><em>emplare</em></span> <span class='ocrx_word' id='word_1_193' title='bbox 700 2083 775 2136; x_wconf 89' lang='lat' dir='ltr'><em>ita</em></span> <span class='ocrx_word' id='word_1_194' title='bbox 807 2101 916 2136; x_wconf 89' lang='lat' dir='ltr'><em>esse</em></span> <span class='ocrx_word' id='word_1_195' title='bbox 958 2090 1155 2136; x_wconf 89' lang='lat' dir='ltr'><em>certum</em></span> <span class='ocrx_word' id='word_1_196' title='bbox 1191 2090 1250 2135; x_wconf 90' lang='lat' dir='ltr'><em>ut</em></span> <span class='ocrx_word' id='word_1_197' title='bbox 1287 2101 1391 2135; x_wconf 90' lang='lat' dir='ltr'><em>non</em></span> <span class='ocrx_word' id='word_1_198' title='bbox 1427 2082 1588 2153; x_wconf 89' lang='lat' dir='ltr'><em>possit</em></span> <span class='ocrx_word' id='word_1_199' title='bbox 1619 2082 1833 2154; x_wconf 81' lang='lat' dir='ltr'><em>negari3</em></span> <span class='ocrx_word' id='word_1_200' title='bbox 1878 2082 2016 2151; x_wconf 92' lang='lat' dir='ltr'><em>quod</em></span> <span class='ocrx_word' id='word_1_201' title='bbox 2057 2083 2123 2134; x_wconf 89' lang='lat' dir='ltr'><em>ab</em></span> <span class='ocrx_word' id='word_1_202' title='bbox 2160 2081 2259 2134; x_wconf 90' lang='lat' dir='ltr'><em>illis</em></span> 
     </span>
     <span class='ocr_line' id='line_1_23' title="bbox 426 2165 2260 2238; baseline -0.002 -18"><span class='ocrx_word' id='word_1_203' title='bbox 426 2166 718 2229; x_wconf 79' lang='lat' dir='ltr'><em>assumitur,</em></span> <span class='ocrx_word' id='word_1_204' title='bbox 764 2173 817 2219; x_wconf 91' lang='lat' dir='ltr'><em>et</em></span> <span class='ocrx_word' id='word_1_205' title='bbox 850 2184 947 2238; x_wconf 89' lang='lat' dir='ltr'><em>ego</em></span> <span class='ocrx_word' id='word_1_206' title='bbox 980 2165 1161 2219; x_wconf 91' lang='lat' dir='ltr'><em>lubens</em></span> <span class='ocrx_word' id='word_1_207' title='bbox 1189 2167 1546 2227; x_wconf 78' lang='lat' dir='ltr'><em>concesserim,</em></span> <span class='ocrx_word' id='word_1_208' title='bbox 1596 2166 1873 2218; x_wconf 81' lang='lat' dir='ltr'><em>Christum</em></span> <span class='ocrx_word' id='word_1_209' title='bbox 1906 2175 1955 2217; x_wconf 94' lang='lat' dir='ltr'><em>et</em></span> <span class='ocrx_word' id='word_1_210' title='bbox 1981 2165 2260 2234; x_wconf 75' lang='lat' dir='ltr'><em>Apostolos</em></span> 
     </span>
     <span class='ocr_line' id='line_1_24' title="bbox 426 2246 2259 2321; baseline -0.002 -19"><span class='ocrx_word' id='word_1_211' title='bbox 426 2268 530 2302; x_wconf 90' lang='lat' dir='ltr'><em>non</em></span> <span class='ocrx_word' id='word_1_212' title='bbox 575 2248 791 2321; x_wconf 81' lang='lat' dir='ltr'><em>genibus</em></span> <span class='ocrx_word' id='word_1_213' title='bbox 824 2247 970 2301; x_wconf 87' lang='lat' dir='ltr'><em>flexis</em></span> <span class='ocrx_word' id='word_1_214' title='bbox 1015 2248 1106 2300; x_wconf 92' lang='lat' dir='ltr'><em>sed</em></span> <span class='ocrx_word' id='word_1_215' title='bbox 1148 2247 1247 2300; x_wconf 90' lang='lat' dir='ltr'><em>alio</em></span> <span class='ocrx_word' id='word_1_216' title='bbox 1290 2247 1460 2317; x_wconf 88' lang='lat' dir='ltr'><em>aliquo</em></span> <span class='ocrx_word' id='word_1_217' title='bbox 1504 2254 1654 2319; x_wconf 86' lang='lat' dir='ltr'><em>gestu</em></span> <span class='ocrx_word' id='word_1_218' title='bbox 1697 2246 1981 2308; x_wconf 72' lang='lat' dir='ltr'><em>celebrasse</em></span> <span class='ocrx_word' id='word_1_219' title='bbox 2019 2248 2259 2316; x_wconf 83' lang='lat' dir='ltr'><em>primam</em></span> 
     </span>
    </p>
   </div>
   <div class='ocr_carea' id='block_1_3' title="bbox 426 2436 2260 3845">
    <p class='ocr_par' dir='ltr' id='par_1_4' title="bbox 426 2436 2260 3124">
     <span class='ocr_line' id='line_1_25' title="bbox 428 2436 2251 2495; baseline -0.002 -8"><span class='ocrx_word' id='word_1_220' title='bbox 428 2458 516 2488; x_wconf 92' lang='lat' dir='ltr'><em>one</em></span> <span class='ocrx_word' id='word_1_221' title='bbox 539 2443 593 2487; x_wconf 89' lang='lat' dir='ltr'><em>of</em></span> <span class='ocrx_word' id='word_1_222' title='bbox 608 2442 752 2495; x_wconf 89' lang='lat' dir='ltr'><em>them,</em></span> <span class='ocrx_word' id='word_1_223' title='bbox 772 2444 987 2495; x_wconf 87' lang='lat' dir='ltr'><em>Posture,</em></span> <span class='ocrx_word' id='word_1_224' title='bbox 1021 2442 1156 2487; x_wconf 87' lang='lat' dir='ltr'><em>when</em></span> <span class='ocrx_word' id='word_1_225' title='bbox 1178 2457 1246 2487; x_wconf 91' lang='lat' dir='ltr'><em>we</em></span> <span class='ocrx_word' id='word_1_226' title='bbox 1278 2457 1358 2487; x_wconf 88' lang='lat' dir='ltr'><em>are</em></span> <span class='ocrx_word' id='word_1_227' title='bbox 1389 2447 1474 2487; x_wconf 91' lang='lat' dir='ltr'><em>not</em></span> <span class='ocrx_word' id='word_1_228' title='bbox 1499 2456 1550 2486; x_wconf 93' lang='lat' dir='ltr'><em>so</em></span> <span class='ocrx_word' id='word_1_229' title='bbox 1576 2441 1736 2486; x_wconf 91' lang='lat' dir='ltr'><em>bound</em></span> <span class='ocrx_word' id='word_1_230' title='bbox 1768 2440 1818 2482; x_wconf 91' lang='lat' dir='ltr'><em>in</em></span> <span class='ocrx_word' id='word_1_231' title='bbox 1846 2437 1928 2482; x_wconf 88' lang='lat' dir='ltr'><em>the</em></span> <span class='ocrx_word' id='word_1_232' title='bbox 1949 2436 2084 2482; x_wconf 86' lang='lat' dir='ltr'><em>other</em></span> <span class='ocrx_word' id='word_1_233' title='bbox 2102 2438 2251 2483; x_wconf 78' lang='lat' dir='ltr'><em>three.</em></span> 
     </span>
     <span class='ocr_line' id='line_1_26' title="bbox 426 2509 2256 2568; baseline -0.003 -10"><span class='ocrx_word' id='word_1_234' title='bbox 426 2516 521 2558; x_wconf 87' lang='lat' dir='ltr'><em>But</em></span> <span class='ocrx_word' id='word_1_235' title='bbox 541 2528 657 2558; x_wconf 90' lang='lat' dir='ltr'><em>even</em></span> <span class='ocrx_word' id='word_1_236' title='bbox 673 2528 760 2557; x_wconf 86' lang='lat' dir='ltr'><em>our</em></span> <span class='ocrx_word' id='word_1_237' title='bbox 779 2513 1063 2557; x_wconf 83' lang='lat' dir='ltr'><em>adversaries</em></span> <span class='ocrx_word' id='word_1_238' title='bbox 1083 2514 1143 2558; x_wconf 93' lang='lat' dir='ltr'><em>do</em></span> <span class='ocrx_word' id='word_1_239' title='bbox 1164 2519 1246 2558; x_wconf 90' lang='lat' dir='ltr'><em>not</em></span> <span class='ocrx_word' id='word_1_240' title='bbox 1260 2514 1373 2558; x_wconf 93' lang='lat' dir='ltr'><em>hold</em></span> <span class='ocrx_word' id='word_1_241' title='bbox 1394 2528 1447 2558; x_wconf 91' lang='lat' dir='ltr'><em>us</em></span> <span class='ocrx_word' id='word_1_242' title='bbox 1466 2527 1519 2559; x_wconf 90' lang='lat' dir='ltr'><em>so</em></span> <span class='ocrx_word' id='word_1_243' title='bbox 1540 2512 1724 2557; x_wconf 90' lang='lat' dir='ltr'><em>bound:</em></span> <span class='ocrx_word' id='word_1_244' title='bbox 1748 2511 1823 2555; x_wconf 87' lang='lat' dir='ltr'><em>for</em></span> <span class='ocrx_word' id='word_1_245' title='bbox 1843 2510 1955 2568; x_wconf 87' lang='lat' dir='ltr'><em>they</em></span> <span class='ocrx_word' id='word_1_246' title='bbox 1971 2509 2030 2553; x_wconf 92' lang='lat' dir='ltr'><em>do</em></span> <span class='ocrx_word' id='word_1_247' title='bbox 2046 2514 2130 2553; x_wconf 92' lang='lat' dir='ltr'><em>not</em></span> <span class='ocrx_word' id='word_1_248' title='bbox 2142 2509 2256 2553; x_wconf 92' lang='lat' dir='ltr'><em>hold</em></span> 
     </span>
     <span class='ocr_line' id='line_1_27' title="bbox 427 2580 2256 2641; baseline -0.003 -13"><span class='ocrx_word' id='word_1_249' title='bbox 427 2587 465 2629; x_wconf 91' lang='lat' dir='ltr'><em>it</em></span> <span class='ocrx_word' id='word_1_250' title='bbox 486 2599 730 2641; x_wconf 82' lang='lat' dir='ltr'><em>necessary</em></span> <span class='ocrx_word' id='word_1_251' title='bbox 749 2584 853 2627; x_wconf 87' lang='lat' dir='ltr'><em>that</em></span> <span class='ocrx_word' id='word_1_252' title='bbox 873 2598 941 2627; x_wconf 90' lang='lat' dir='ltr'><em>we</em></span> <span class='ocrx_word' id='word_1_253' title='bbox 967 2584 1134 2628; x_wconf 89' lang='lat' dir='ltr'><em>should</em></span> <span class='ocrx_word' id='word_1_254' title='bbox 1154 2586 1334 2629; x_wconf 84' lang='lat' dir='ltr'><em>receive</em></span> <span class='ocrx_word' id='word_1_255' title='bbox 1364 2585 1445 2629; x_wconf 92' lang='lat' dir='ltr'><em>the</em></span> <span class='ocrx_word' id='word_1_256' title='bbox 1475 2584 1723 2628; x_wconf 89' lang='lat' dir='ltr'><em>Eucharist</em></span> <span class='ocrx_word' id='word_1_257' title='bbox 1751 2583 1801 2624; x_wconf 91' lang='lat' dir='ltr'><em>in</em></span> <span class='ocrx_word' id='word_1_258' title='bbox 1830 2596 1859 2625; x_wconf 90' lang='lat' dir='ltr'><em>a</em></span> <span class='ocrx_word' id='word_1_259' title='bbox 1882 2582 1977 2625; x_wconf 93' lang='lat' dir='ltr'><em>like</em></span> <span class='ocrx_word' id='word_1_260' title='bbox 1991 2583 2120 2638; x_wconf 85' lang='lat' dir='ltr'><em>place</em></span> <span class='ocrx_word' id='word_1_261' title='bbox 2144 2580 2256 2624; x_wconf 87' lang='lat' dir='ltr'><em>with</em></span> 
     </span>
     <span class='ocr_line' id='line_1_28' title="bbox 429 2652 2256 2711; baseline -0.003 -12"><span class='ocrx_word' id='word_1_262' title='bbox 429 2655 610 2705; x_wconf 83' lang='lat' dir='ltr'><em>Christ3</em></span> <span class='ocrx_word' id='word_1_263' title='bbox 646 2654 847 2711; x_wconf 90' lang='lat' dir='ltr'><em>namely,</em></span> <span class='ocrx_word' id='word_1_264' title='bbox 868 2655 916 2696; x_wconf 93' lang='lat' dir='ltr'><em>in</em></span> <span class='ocrx_word' id='word_1_265' title='bbox 938 2668 966 2697; x_wconf 88' lang='lat' dir='ltr'><em>a</em></span> <span class='ocrx_word' id='word_1_266' title='bbox 989 2656 1169 2711; x_wconf 88' lang='lat' dir='ltr'><em>private</em></span> <span class='ocrx_word' id='word_1_267' title='bbox 1189 2656 1348 2707; x_wconf 92' lang='lat' dir='ltr'><em>house,</em></span> <span class='ocrx_word' id='word_1_268' title='bbox 1369 2656 1462 2698; x_wconf 90' lang='lat' dir='ltr'><em>and</em></span> <span class='ocrx_word' id='word_1_269' title='bbox 1482 2656 1532 2697; x_wconf 88' lang='lat' dir='ltr'><em>in</em></span> <span class='ocrx_word' id='word_1_270' title='bbox 1552 2669 1612 2697; x_wconf 87' lang='lat' dir='ltr'><em>an</em></span> <span class='ocrx_word' id='word_1_271' title='bbox 1630 2655 1655 2675; x_wconf 82' lang='lat'><em>‘⁶</em></span> <span class='ocrx_word' id='word_1_272' title='bbox 1668 2667 1817 2711; x_wconf 89' lang='lat' dir='ltr'><em>upper</em></span> <span class='ocrx_word' id='word_1_273' title='bbox 1835 2666 1968 2695; x_wconf 90' lang='lat' dir='ltr'><em>room</em></span> <span class='ocrx_word' id='word_1_274' title='bbox 1981 2652 2020 2703; x_wconf 88' lang='lat'><em>;&#39;&#39;</em></span> <span class='ocrx_word' id='word_1_275' title='bbox 2051 2665 2138 2695; x_wconf 89' lang='lat' dir='ltr'><em>nor</em></span> <span class='ocrx_word' id='word_1_276' title='bbox 2159 2656 2208 2694; x_wconf 90' lang='lat' dir='ltr'><em>at</em></span> <span class='ocrx_word' id='word_1_277' title='bbox 2227 2665 2256 2694; x_wconf 90' lang='lat' dir='ltr'><em>a</em></span> 
     </span>
     <span class='ocr_line' id='line_1_29' title="bbox 427 2722 2256 2781; baseline -0.003 -13"><span class='ocrx_word' id='word_1_278' title='bbox 427 2726 522 2768; x_wconf 89' lang='lat' dir='ltr'><em>like</em></span> <span class='ocrx_word' id='word_1_279' title='bbox 556 2726 671 2776; x_wconf 87' lang='lat' dir='ltr'><em>time,</em></span> <span class='ocrx_word' id='word_1_280' title='bbox 705 2725 906 2781; x_wconf 89' lang='lat' dir='ltr'><em>namely,</em></span> <span class='ocrx_word' id='word_1_281' title='bbox 947 2725 997 2767; x_wconf 92' lang='lat' dir='ltr'><em>in</em></span> <span class='ocrx_word' id='word_1_282' title='bbox 1028 2725 1110 2768; x_wconf 90' lang='lat' dir='ltr'><em>the</em></span> <span class='ocrx_word' id='word_1_283' title='bbox 1138 2726 1347 2781; x_wconf 86' lang='lat' dir='ltr'><em>evening,</em></span> <span class='ocrx_word' id='word_1_284' title='bbox 1380 2726 1473 2767; x_wconf 89' lang='lat' dir='ltr'><em>and</em></span> <span class='ocrx_word' id='word_1_285' title='bbox 1505 2725 1628 2767; x_wconf 87' lang='lat' dir='ltr'><em>after</em></span> <span class='ocrx_word' id='word_1_286' title='bbox 1661 2736 1859 2779; x_wconf 85' lang='lat' dir='ltr'><em>supper3</em></span> <span class='ocrx_word' id='word_1_287' title='bbox 1896 2736 1984 2765; x_wconf 91' lang='lat' dir='ltr'><em>nor</em></span> <span class='ocrx_word' id='word_1_288' title='bbox 2015 2723 2064 2763; x_wconf 91' lang='lat' dir='ltr'><em>in</em></span> <span class='ocrx_word' id='word_1_289' title='bbox 2098 2736 2126 2764; x_wconf 89' lang='lat' dir='ltr'><em>a</em></span> <span class='ocrx_word' id='word_1_290' title='bbox 2160 2722 2256 2764; x_wconf 86' lang='lat' dir='ltr'><em>like</em></span> 
     </span>
     <span class='ocr_line' id='line_1_30' title="bbox 428 2791 2256 2852; baseline -0.002 -13"><span class='ocrx_word' id='word_1_291' title='bbox 428 2797 562 2847; x_wconf 83' lang='lat' dir='ltr'><em>habit,</em></span> <span class='ocrx_word' id='word_1_292' title='bbox 586 2795 785 2852; x_wconf 90' lang='lat' dir='ltr'><em>namely,</em></span> <span class='ocrx_word' id='word_1_293' title='bbox 804 2795 854 2836; x_wconf 93' lang='lat' dir='ltr'><em>in</em></span> <span class='ocrx_word' id='word_1_294' title='bbox 885 2809 914 2837; x_wconf 89' lang='lat' dir='ltr'><em>a</em></span> <span class='ocrx_word' id='word_1_295' title='bbox 940 2800 1045 2838; x_wconf 89' lang='lat' dir='ltr'><em>coat</em></span> <span class='ocrx_word' id='word_1_296' title='bbox 1065 2810 1226 2839; x_wconf 90' lang='lat' dir='ltr'><em>woven</em></span> <span class='ocrx_word' id='word_1_297' title='bbox 1246 2795 1441 2839; x_wconf 87' lang='lat' dir='ltr'><em>without</em></span> <span class='ocrx_word' id='word_1_298' title='bbox 1466 2808 1606 2838; x_wconf 84' lang='lat' dir='ltr'><em>seam.</em></span> <span class='ocrx_word' id='word_1_299' title='bbox 1668 2793 1790 2849; x_wconf 87' lang='lat' dir='ltr'><em>Why</em></span> <span class='ocrx_word' id='word_1_300' title='bbox 1810 2792 1925 2836; x_wconf 87' lang='lat' dir='ltr'><em>then</em></span> <span class='ocrx_word' id='word_1_301' title='bbox 1955 2791 2123 2836; x_wconf 86' lang='lat' dir='ltr'><em>should</em></span> <span class='ocrx_word' id='word_1_302' title='bbox 2143 2791 2256 2849; x_wconf 86' lang='lat' dir='ltr'><em>they</em></span> 
     </span>
     <span class='ocr_line' id='line_1_31' title="bbox 427 2862 2256 2920; baseline -0.003 -11"><span class='ocrx_word' id='word_1_303' title='bbox 427 2867 542 2910; x_wconf 89' lang='lat' dir='ltr'><em>hold</em></span> <span class='ocrx_word' id='word_1_304' title='bbox 568 2866 671 2909; x_wconf 85' lang='lat' dir='ltr'><em>that</em></span> <span class='ocrx_word' id='word_1_305' title='bbox 704 2879 772 2909; x_wconf 86' lang='lat' dir='ltr'><em>we</em></span> <span class='ocrx_word' id='word_1_306' title='bbox 798 2864 960 2909; x_wconf 86' lang='lat' dir='ltr'><em>should</em></span> <span class='ocrx_word' id='word_1_307' title='bbox 1000 2867 1180 2910; x_wconf 86' lang='lat' dir='ltr'><em>receive</em></span> <span class='ocrx_word' id='word_1_308' title='bbox 1211 2866 1293 2909; x_wconf 88' lang='lat' dir='ltr'><em>the</em></span> <span class='ocrx_word' id='word_1_309' title='bbox 1325 2866 1571 2909; x_wconf 86' lang='lat' dir='ltr'><em>Eucharist</em></span> <span class='ocrx_word' id='word_1_310' title='bbox 1603 2866 1651 2907; x_wconf 91' lang='lat' dir='ltr'><em>in</em></span> <span class='ocrx_word' id='word_1_311' title='bbox 1688 2863 1769 2907; x_wconf 91' lang='lat' dir='ltr'><em>the</em></span> <span class='ocrx_word' id='word_1_312' title='bbox 1807 2863 1900 2906; x_wconf 89' lang='lat' dir='ltr'><em>like</em></span> <span class='ocrx_word' id='word_1_313' title='bbox 1924 2863 2119 2920; x_wconf 83' lang='lat' dir='ltr'><em>position</em></span> <span class='ocrx_word' id='word_1_314' title='bbox 2143 2862 2256 2905; x_wconf 88' lang='lat' dir='ltr'><em>with</em></span> 
     </span>
     <span class='ocr_line' id='line_1_32' title="bbox 430 2933 2256 2993; baseline -0.003 -12"><span class='ocrx_word' id='word_1_315' title='bbox 430 2937 586 2981; x_wconf 88' lang='lat' dir='ltr'><em>Christ</em></span> <span class='ocrx_word' id='word_1_316' title='bbox 611 2936 703 2980; x_wconf 89' lang='lat' dir='ltr'><em>and</em></span> <span class='ocrx_word' id='word_1_317' title='bbox 722 2935 794 2980; x_wconf 89' lang='lat' dir='ltr'><em>his</em></span> <span class='ocrx_word' id='word_1_318' title='bbox 815 2935 1064 2993; x_wconf 87' lang='lat' dir='ltr'><em>Apostles?</em></span> <span class='ocrx_word' id='word_1_319' title='bbox 1126 2937 1226 2980; x_wconf 91' lang='lat' dir='ltr'><em>The</em></span> <span class='ocrx_word' id='word_1_320' title='bbox 1250 2937 1358 2980; x_wconf 89' lang='lat' dir='ltr'><em>four</em></span> <span class='ocrx_word' id='word_1_321' title='bbox 1382 2937 1749 2993; x_wconf 88' lang='lat' dir='ltr'><em>praedicaments,</em></span> <span class='ocrx_word' id='word_1_322' title='bbox 1777 2933 1925 2991; x_wconf 91' lang='lat' dir='ltr'><em>place,</em></span> <span class='ocrx_word' id='word_1_323' title='bbox 1952 2934 2079 2986; x_wconf 90' lang='lat' dir='ltr'><em>time,</em></span> <span class='ocrx_word' id='word_1_324' title='bbox 2109 2934 2256 2985; x_wconf 86' lang='lat' dir='ltr'><em>habit,</em></span> 
     </span>
     <span class='ocr_line' id='line_1_33' title="bbox 427 3005 2260 3067; baseline -0.003 -15"><span class='ocrx_word' id='word_1_325' title='bbox 427 3009 642 3067; x_wconf 85' lang='lat' dir='ltr'><em>position,</em></span> <span class='ocrx_word' id='word_1_326' title='bbox 663 3011 787 3051; x_wconf 90' lang='lat' dir='ltr'><em>must</em></span> <span class='ocrx_word' id='word_1_327' title='bbox 808 3007 958 3051; x_wconf 90' lang='lat' dir='ltr'><em>either</em></span> <span class='ocrx_word' id='word_1_328' title='bbox 981 3007 1041 3051; x_wconf 93' lang='lat' dir='ltr'><em>be</em></span> <span class='ocrx_word' id='word_1_329' title='bbox 1062 3008 1226 3065; x_wconf 88' lang='lat' dir='ltr'><em>placed</em></span> <span class='ocrx_word' id='word_1_330' title='bbox 1247 3021 1308 3052; x_wconf 92' lang='lat' dir='ltr'><em>on</em></span> <span class='ocrx_word' id='word_1_331' title='bbox 1332 3021 1393 3050; x_wconf 88' lang='lat' dir='ltr'><em>an</em></span> <span class='ocrx_word' id='word_1_332' title='bbox 1414 3007 1550 3065; x_wconf 90' lang='lat' dir='ltr'><em>equal</em></span> <span class='ocrx_word' id='word_1_333' title='bbox 1567 3006 1763 3063; x_wconf 85' lang='lat' dir='ltr'><em>footing,</em></span> <span class='ocrx_word' id='word_1_334' title='bbox 1779 3018 1832 3048; x_wconf 90' lang='lat' dir='ltr'><em>or</em></span> <span class='ocrx_word' id='word_1_335' title='bbox 1852 3018 1979 3049; x_wconf 90' lang='lat' dir='ltr'><em>some</em></span> <span class='ocrx_word' id='word_1_336' title='bbox 2003 3005 2185 3062; x_wconf 86' lang='lat' dir='ltr'><em>ground</em></span> <span class='ocrx_word' id='word_1_337' title='bbox 2206 3005 2260 3048; x_wconf 84' lang='lat' dir='ltr'><em>of</em></span> 
     </span>
     <span class='ocr_line' id='line_1_34' title="bbox 429 3077 1099 3124; baseline -0.001 0"><span class='ocrx_word' id='word_1_338' title='bbox 429 3080 679 3124; x_wconf 86' lang='lat' dir='ltr'><em>difference</em></span> <span class='ocrx_word' id='word_1_339' title='bbox 703 3082 828 3122; x_wconf 86' lang='lat' dir='ltr'><em>must</em></span> <span class='ocrx_word' id='word_1_340' title='bbox 847 3078 908 3121; x_wconf 93' lang='lat' dir='ltr'><em>be</em></span> <span class='ocrx_word' id='word_1_341' title='bbox 928 3077 1099 3123; x_wconf 89' lang='lat' dir='ltr'><em>shewn.</em></span> 
     </span>
    </p>

    <p class='ocr_par' dir='ltr' id='par_1_5' title="bbox 427 3146 2254 3350">
     <span class='ocr_line' id='line_1_35' title="bbox 522 3146 2251 3207; baseline -0.003 -13"><span class='ocrx_word' id='word_1_342' title='bbox 522 3155 591 3194; x_wconf 90' lang='lat'><em>19.</em></span> <span class='ocrx_word' id='word_1_343' title='bbox 657 3149 874 3206; x_wconf 84' lang='lat' dir='ltr'><em>Thirdly:</em></span> <span class='ocrx_word' id='word_1_344' title='bbox 910 3149 1010 3193; x_wconf 89' lang='lat' dir='ltr'><em>The</em></span> <span class='ocrx_word' id='word_1_345' title='bbox 1025 3149 1123 3193; x_wconf 84' lang='lat' dir='ltr'><em>fact</em></span> <span class='ocrx_word' id='word_1_346' title='bbox 1144 3149 1325 3207; x_wconf 89' lang='lat' dir='ltr'><em>alleged</em></span> <span class='ocrx_word' id='word_1_347' title='bbox 1346 3163 1395 3193; x_wconf 87' lang='lat' dir='ltr'><em>as</em></span> <span class='ocrx_word' id='word_1_348' title='bbox 1416 3162 1476 3192; x_wconf 92' lang='lat' dir='ltr'><em>an</em></span> <span class='ocrx_word' id='word_1_349' title='bbox 1497 3147 1708 3205; x_wconf 87' lang='lat' dir='ltr'><em>example</em></span> <span class='ocrx_word' id='word_1_350' title='bbox 1730 3146 1875 3203; x_wconf 89' lang='lat' dir='ltr'><em>ought</em></span> <span class='ocrx_word' id='word_1_351' title='bbox 1895 3150 1945 3189; x_wconf 90' lang='lat' dir='ltr'><em>to</em></span> <span class='ocrx_word' id='word_1_352' title='bbox 1965 3146 2025 3189; x_wconf 93' lang='lat' dir='ltr'><em>be</em></span> <span class='ocrx_word' id='word_1_353' title='bbox 2047 3146 2222 3190; x_wconf 90' lang='lat' dir='ltr'><em>certain</em></span> <span class='ocrx_word' id='word_1_354' title='bbox 2241 3163 2251 3189; x_wconf 90' lang='lat'>:</span> 
     </span>
     <span class='ocr_line' id='line_1_36' title="bbox 427 3216 2254 3278; baseline -0.003 -13"><span class='ocrx_word' id='word_1_355' title='bbox 427 3222 513 3265; x_wconf 87' lang='lat' dir='ltr'><em>but</em></span> <span class='ocrx_word' id='word_1_356' title='bbox 534 3235 601 3265; x_wconf 88' lang='lat' dir='ltr'><em>we</em></span> <span class='ocrx_word' id='word_1_357' title='bbox 627 3234 706 3264; x_wconf 86' lang='lat' dir='ltr'><em>are</em></span> <span class='ocrx_word' id='word_1_358' title='bbox 726 3224 809 3264; x_wconf 91' lang='lat' dir='ltr'><em>not</em></span> <span class='ocrx_word' id='word_1_359' title='bbox 831 3221 1007 3264; x_wconf 89' lang='lat' dir='ltr'><em>certain</em></span> <span class='ocrx_word' id='word_1_360' title='bbox 1031 3221 1154 3265; x_wconf 87' lang='lat' dir='ltr'><em>from</em></span> <span class='ocrx_word' id='word_1_361' title='bbox 1176 3221 1416 3278; x_wconf 83' lang='lat' dir='ltr'><em>Scripture</em></span> <span class='ocrx_word' id='word_1_362' title='bbox 1438 3220 1486 3262; x_wconf 90' lang='lat' dir='ltr'><em>in</em></span> <span class='ocrx_word' id='word_1_363' title='bbox 1511 3219 1636 3263; x_wconf 89' lang='lat' dir='ltr'><em>what</em></span> <span class='ocrx_word' id='word_1_364' title='bbox 1668 3222 1859 3276; x_wconf 86' lang='lat' dir='ltr'><em>posture</em></span> <span class='ocrx_word' id='word_1_365' title='bbox 1881 3216 2036 3261; x_wconf 79' lang='lat' dir='ltr'><em>Christ</em></span> <span class='ocrx_word' id='word_1_366' title='bbox 2056 3218 2150 3260; x_wconf 88' lang='lat' dir='ltr'><em>and</em></span> <span class='ocrx_word' id='word_1_367' title='bbox 2172 3216 2254 3260; x_wconf 92' lang='lat' dir='ltr'><em>the</em></span> 
     </span>
     <span class='ocr_line' id='line_1_37' title="bbox 427 3291 1087 3350; baseline 0 -14"><span class='ocrx_word' id='word_1_368' title='bbox 427 3293 643 3350; x_wconf 85' lang='lat' dir='ltr'><em>Apostles</em></span> <span class='ocrx_word' id='word_1_369' title='bbox 654 3296 745 3335; x_wconf 75' lang='lat' dir='ltr'><em>,ate</em></span> <span class='ocrx_word' id='word_1_370' title='bbox 765 3291 868 3335; x_wconf 89' lang='lat' dir='ltr'><em>that</em></span> <span class='ocrx_word' id='word_1_371' title='bbox 891 3292 1087 3350; x_wconf 84' lang='lat' dir='ltr'><em>Supper.</em></span> 
     </span>
    </p>

    <p class='ocr_par' dir='ltr' id='par_1_6' title="bbox 427 3359 2255 3491">
     <span class='ocr_line' id='line_1_38' title="bbox 519 3359 2255 3420; baseline -0.003 -14"><span class='ocrx_word' id='word_1_372' title='bbox 519 3365 627 3415; x_wconf 89' lang='lat' dir='ltr'><em>But,</em></span> <span class='ocrx_word' id='word_1_373' title='bbox 657 3363 738 3407; x_wconf 85' lang='lat' dir='ltr'><em>the</em></span> <span class='ocrx_word' id='word_1_374' title='bbox 771 3368 1032 3420; x_wconf 89' lang='lat' dir='ltr'><em>opponents</em></span> <span class='ocrx_word' id='word_1_375' title='bbox 1064 3377 1159 3420; x_wconf 88' lang='lat' dir='ltr'><em>say,</em></span> <span class='ocrx_word' id='word_1_376' title='bbox 1191 3362 1272 3406; x_wconf 87' lang='lat' dir='ltr'><em>the</em></span> <span class='ocrx_word' id='word_1_377' title='bbox 1304 3366 1426 3406; x_wconf 87' lang='lat' dir='ltr'><em>term</em></span> <span class='ocrx_word' id='word_1_378' title='bbox 1457 3361 1568 3406; x_wconf 89' lang='lat' dir='ltr'><em>“sat</em></span> <span class='ocrx_word' id='word_1_379' title='bbox 1601 3365 1650 3405; x_wconf 85' lang='lat' dir='ltr'><em>at</em></span> <span class='ocrx_word' id='word_1_380' title='bbox 1683 3359 1850 3412; x_wconf 88' lang='lat' dir='ltr'><em>meat,”</em></span> <span class='ocrx_word' id='word_1_381' title='bbox 1883 3359 2064 3417; x_wconf 90' lang='lat' dir='ltr'><em>implies</em></span> <span class='ocrx_word' id='word_1_382' title='bbox 2090 3363 2139 3403; x_wconf 90' lang='lat' dir='ltr'><em>at</em></span> <span class='ocrx_word' id='word_1_383' title='bbox 2163 3372 2255 3416; x_wconf 88' lang='lat' dir='ltr'><em>any</em></span> 
     </span>
     <span class='ocr_line' id='line_1_39' title="bbox 427 3433 1704 3491; baseline -0.004 -13"><span class='ocrx_word' id='word_1_384' title='bbox 427 3439 528 3478; x_wconf 84' lang='lat' dir='ltr'><em>rate</em></span> <span class='ocrx_word' id='word_1_385' title='bbox 553 3449 581 3477; x_wconf 89' lang='lat' dir='ltr'><em>a</em></span> <span class='ocrx_word' id='word_1_386' title='bbox 606 3435 718 3478; x_wconf 87' lang='lat' dir='ltr'><em>table</em></span> <span class='ocrx_word' id='word_1_387' title='bbox 742 3438 947 3491; x_wconf 88' lang='lat' dir='ltr'><em>posture,</em></span> <span class='ocrx_word' id='word_1_388' title='bbox 972 3433 1086 3478; x_wconf 89' lang='lat' dir='ltr'><em>such</em></span> <span class='ocrx_word' id='word_1_389' title='bbox 1106 3448 1155 3478; x_wconf 90' lang='lat' dir='ltr'><em>as</em></span> <span class='ocrx_word' id='word_1_390' title='bbox 1181 3447 1272 3477; x_wconf 91' lang='lat' dir='ltr'><em>was</em></span> <span class='ocrx_word' id='word_1_391' title='bbox 1292 3433 1406 3477; x_wconf 90' lang='lat' dir='ltr'><em>then</em></span> <span class='ocrx_word' id='word_1_392' title='bbox 1427 3438 1704 3489; x_wconf 87' lang='lat' dir='ltr'><em>customary.</em></span> 
     </span>
    </p>

    <p class='ocr_par' dir='ltr' id='par_1_7' title="bbox 428 3500 2254 3845">
     <span class='ocr_line' id='line_1_40' title="bbox 519 3500 2250 3562; baseline -0.004 -14"><span class='ocrx_word' id='word_1_393' title='bbox 519 3506 576 3548; x_wconf 91' lang='lat' dir='ltr'><em>In</em></span> <span class='ocrx_word' id='word_1_394' title='bbox 600 3505 745 3562; x_wconf 84' lang='lat' dir='ltr'><em>reply,</em></span> <span class='ocrx_word' id='word_1_395' title='bbox 765 3519 833 3548; x_wconf 89' lang='lat' dir='ltr'><em>we</em></span> <span class='ocrx_word' id='word_1_396' title='bbox 853 3505 976 3561; x_wconf 92' lang='lat' dir='ltr'><em>deny</em></span> <span class='ocrx_word' id='word_1_397' title='bbox 996 3505 1099 3549; x_wconf 85' lang='lat' dir='ltr'><em>that</em></span> <span class='ocrx_word' id='word_1_398' title='bbox 1119 3504 1200 3548; x_wconf 92' lang='lat' dir='ltr'><em>the</em></span> <span class='ocrx_word' id='word_1_399' title='bbox 1219 3509 1340 3548; x_wconf 87' lang='lat' dir='ltr'><em>term</em></span> <span class='ocrx_word' id='word_1_400' title='bbox 1359 3518 1518 3548; x_wconf 90' lang='lat' dir='ltr'><em>means</em></span> <span class='ocrx_word' id='word_1_401' title='bbox 1540 3518 1631 3561; x_wconf 86' lang='lat' dir='ltr'><em>any</em></span> <span class='ocrx_word' id='word_1_402' title='bbox 1650 3500 1823 3559; x_wconf 83' lang='lat' dir='ltr'><em>special</em></span> <span class='ocrx_word' id='word_1_403' title='bbox 1842 3500 1955 3543; x_wconf 91' lang='lat' dir='ltr'><em>kind</em></span> <span class='ocrx_word' id='word_1_404' title='bbox 1977 3500 2031 3542; x_wconf 86' lang='lat' dir='ltr'><em>of</em></span> <span class='ocrx_word' id='word_1_405' title='bbox 2046 3502 2250 3556; x_wconf 87' lang='lat' dir='ltr'><em>posture.</em></span> 
     </span>
     <span class='ocr_line' id='line_1_41' title="bbox 430 3568 2254 3634; baseline -0.004 -16"><span class='ocrx_word' id='word_1_406' title='bbox 430 3575 687 3634; x_wconf 87' lang='lat' dir='ltr'><em>Originally</em></span> <span class='ocrx_word' id='word_1_407' title='bbox 710 3576 791 3620; x_wconf 88' lang='lat' dir='ltr'><em>the</em></span> <span class='ocrx_word' id='word_1_408' title='bbox 819 3576 974 3620; x_wconf 82' lang='lat' dir='ltr'><em>Greek</em></span> <span class='ocrx_word' id='word_1_409' title='bbox 995 3576 1087 3619; x_wconf 93' lang='lat' dir='ltr'><em>and</em></span> <span class='ocrx_word' id='word_1_410' title='bbox 1111 3576 1252 3618; x_wconf 86' lang='lat' dir='ltr'><em>Latin</em></span> <span class='ocrx_word' id='word_1_411' title='bbox 1280 3580 1421 3619; x_wconf 88' lang='lat' dir='ltr'><em>terms</em></span> <span class='ocrx_word' id='word_1_412' title='bbox 1453 3579 1612 3618; x_wconf 85' lang='lat' dir='ltr'><em>meant</em></span> <span class='ocrx_word' id='word_1_413' title='bbox 1637 3578 1687 3617; x_wconf 91' lang='lat' dir='ltr'><em>to</em></span> <span class='ocrx_word' id='word_1_414' title='bbox 1717 3571 1874 3615; x_wconf 83' lang='lat' dir='ltr'><em>recline</em></span> <span class='ocrx_word' id='word_1_415' title='bbox 1890 3586 1904 3612; x_wconf 88' lang='grc'><em>.·</em></span> <span class='ocrx_word' id='word_1_416' title='bbox 1934 3569 2021 3612; x_wconf 88' lang='lat' dir='ltr'><em>but</em></span> <span class='ocrx_word' id='word_1_417' title='bbox 2045 3568 2126 3612; x_wconf 89' lang='lat' dir='ltr'><em>the</em></span> <span class='ocrx_word' id='word_1_418' title='bbox 2164 3570 2254 3612; x_wconf 90' lang='lat' dir='ltr'><em>ori-</em></span> 
     </span>
     <span class='ocr_line' id='line_1_42' title="bbox 428 3639 2249 3704; baseline -0.003 -16"><span class='ocrx_word' id='word_1_419' title='bbox 428 3647 554 3702; x_wconf 85' lang='lat' dir='ltr'><em>ginal</em></span> <span class='ocrx_word' id='word_1_420' title='bbox 577 3648 795 3704; x_wconf 84' lang='lat' dir='ltr'><em>meaning</em></span> <span class='ocrx_word' id='word_1_421' title='bbox 816 3647 870 3690; x_wconf 88' lang='lat' dir='ltr'><em>of</em></span> <span class='ocrx_word' id='word_1_422' title='bbox 886 3647 1034 3690; x_wconf 91' lang='lat' dir='ltr'><em>words</em></span> <span class='ocrx_word' id='word_1_423' title='bbox 1056 3648 1093 3691; x_wconf 92' lang='lat' dir='ltr'><em>is</em></span> <span class='ocrx_word' id='word_1_424' title='bbox 1110 3647 1373 3704; x_wconf 86' lang='lat' dir='ltr'><em>constantly</em></span> <span class='ocrx_word' id='word_1_425' title='bbox 1398 3644 1609 3702; x_wconf 87' lang='lat' dir='ltr'><em>changed</em></span> <span class='ocrx_word' id='word_1_426' title='bbox 1629 3644 1678 3686; x_wconf 91' lang='lat' dir='ltr'><em>in</em></span> <span class='ocrx_word' id='word_1_427' title='bbox 1702 3641 1784 3685; x_wconf 89' lang='lat' dir='ltr'><em>the</em></span> <span class='ocrx_word' id='word_1_428' title='bbox 1808 3653 2021 3698; x_wconf 84' lang='lat' dir='ltr'><em>progress</em></span> <span class='ocrx_word' id='word_1_429' title='bbox 2047 3640 2101 3682; x_wconf 88' lang='lat' dir='ltr'><em>of</em></span> <span class='ocrx_word' id='word_1_430' title='bbox 2121 3639 2249 3683; x_wconf 86' lang='lat' dir='ltr'><em>time.</em></span> 
     </span>
     <span class='ocr_line' id='line_1_43' title="bbox 432 3710 2254 3775; baseline -0.003 -17"><span class='ocrx_word' id='word_1_431' title='bbox 432 3717 532 3760; x_wconf 85' lang='lat' dir='ltr'><em>The</em></span> <span class='ocrx_word' id='word_1_432' title='bbox 556 3718 704 3761; x_wconf 86' lang='lat' dir='ltr'><em>words</em></span> <span class='ocrx_word' id='word_1_433' title='bbox 723 3731 875 3769; x_wconf 89' lang='lat' dir='ltr'><em>mean,</em></span> <span class='ocrx_word' id='word_1_434' title='bbox 900 3719 951 3760; x_wconf 90' lang='lat' dir='ltr'><em>in</em></span> <span class='ocrx_word' id='word_1_435' title='bbox 984 3731 1200 3762; x_wconf 89' lang='lat' dir='ltr'><em>common</em></span> <span class='ocrx_word' id='word_1_436' title='bbox 1233 3718 1475 3775; x_wconf 88' lang='lat' dir='ltr'><em>language,</em></span> <span class='ocrx_word' id='word_1_437' title='bbox 1511 3724 1553 3759; x_wconf 89' lang='lat' dir='ltr'><em>to</em></span> <span class='ocrx_word' id='word_1_438' title='bbox 1589 3716 1634 3758; x_wconf 87' lang='lat' dir='ltr'><em>be</em></span> <span class='ocrx_word' id='word_1_439' title='bbox 1665 3720 1713 3756; x_wconf 88' lang='lat' dir='ltr'><em>at</em></span> <span class='ocrx_word' id='word_1_440' title='bbox 1738 3719 1866 3764; x_wconf 89' lang='lat' dir='ltr'><em>meat,</em></span> <span class='ocrx_word' id='word_1_441' title='bbox 1897 3712 1945 3754; x_wconf 92' lang='lat' dir='ltr'><em>in</em></span> <span class='ocrx_word' id='word_1_442' title='bbox 1969 3710 2254 3755; x_wconf 88' lang='lat' dir='ltr'><em>whatsoever</em></span> 
     </span>
     <span class='ocr_line' id='line_1_44' title="bbox 430 3785 1700 3845; baseline -0.003 -16"><span class='ocrx_word' id='word_1_443' title='bbox 430 3790 645 3844; x_wconf 84' lang='lat' dir='ltr'><em>posture3</em></span> <span class='ocrx_word' id='word_1_444' title='bbox 685 3788 916 3844; x_wconf 89' lang='lat' dir='ltr'><em>standing,</em></span> <span class='ocrx_word' id='word_1_445' title='bbox 941 3789 1115 3845; x_wconf 86' lang='lat' dir='ltr'><em>sitting,</em></span> <span class='ocrx_word' id='word_1_446' title='bbox 1134 3789 1367 3845; x_wconf 83' lang='lat' dir='ltr'><em>kneeling,</em></span> <span class='ocrx_word' id='word_1_447' title='bbox 1388 3802 1441 3830; x_wconf 92' lang='lat' dir='ltr'><em>or</em></span> <span class='ocrx_word' id='word_1_448' title='bbox 1464 3785 1700 3840; x_wconf 88' lang='lat' dir='ltr'><em>reclining.</em></span> 
     </span>
    </p>
   </div>
  </div>
 </body>
</html>
