2482 4166
442 230 511 279 44
975 238 1061 282 DE
1102 239 1276 285 BONA
1316 241 1732 288 INTENTIONE.

440 366 529 436 qui
559 373 638 420 est
666 373 811 421 actus
842 371 1005 423 bonus
1042 376 1281 440 respectu
1314 375 1557 426 materioe
1596 373 1701 427 sive
1740 377 1942 444 objecti,
1989 376 2032 429 si
2070 377 2160 430 fiat
2205 381 2268 431 ob

440 452 658 504 inanem
691 452 946 520 9loriam,
987 451 1046 504 fit
1084 452 1348 505 moraliter
1375 456 1568 517 malus,
1606 474 1666 508 eo
1697 458 1833 526 quod
1868 475 1970 510 non
1999 460 2267 513 ordinatur

439 532 508 584 ad
536 538 733 584 rectum
751 535 931 601 finem.
1021 533 1167 586 Idem
1194 536 1378 596 Actus,
1425 535 1470 587 si
1503 536 1595 589 fiat
1622 538 1690 590 ad
1718 539 2085 593 sublevandam
2110 559 2265 611 prox-

437 612 524 666 imi
560 613 912 685 indigentiam,
960 621 1038 667 est
1084 615 1290 684 quidem
1329 616 1577 670 hactenus
1622 620 1799 682 bonus,
1832 622 1971 690 quod
2006 628 2060 674 et
2098 623 2164 675 sit
2200 624 2265 676 de

436 698 674 749 ‘materia
701 698 873 759 licita,
904 702 957 749 et
978 696 1069 750 fiat
1097 699 1385 751 intentione
1405 709 1570 761 recta,
1599 700 1830 771 adeoque
1851 703 2043 755 habeat
2070 710 2264 756 utram-

437 796 539 847 que
580 777 717 830 illam
757 778 822 831 de
865 778 1049 849 quibus
1081 778 1189 849 jam
1234 779 1453 833 diximus
1496 781 1796 845 bonitatem,
1854 786 2057 852 Oby'ecti
2097 803 2164 838 sc.
2209 794 2263 839 et

437 862 600 914 Finis
620 880 636 913 :
679 879 783 913 non
827 867 1001 914 tamen
1043 862 1212 914 adhuc
1255 862 1355 915 dici
1397 869 1567 933 potest
1604 864 1899 934 simpliciter
1940 868 2117 930 bonus,
2166 867 2262 920 nisi

434 941 592 996 fuerit
618 942 828 1013 insuper
856 943 1028 996 debite
1057 944 1137 1012 (ut
1165 943 1465 1014 loquuntur)
1495 948 2077 1002 circumstantionatus.
2157 950 2262 1002 Re-

435 1023 657 1093 quiritur
686 1024 820 1077 enim
854 1025 924 1078 ad
952 1026 1377 1096 complementum
1414 1030 1537 1081 boni
1575 1031 1764 1097 operis,
1804 1029 1943 1083 ultra
1972 1033 2259 1085 bonitatem

434 1105 573 1157 illam
607 1123 723 1175 quae
760 1113 839 1159 est
883 1125 948 1159 ex
988 1114 1137 1177 parte
1174 1110 1392 1177 objecti,
1438 1117 1492 1163 et
1535 1110 1674 1162 illam
1720 1129 1836 1181 quae
1882 1119 1961 1165 est
2002 1131 2066 1165 ex
2111 1122 2259 1183 parte

433 1190 613 1250 Finis,
641 1187 797 1241 tertia
823 1188 977 1241 etiam
995 1190 1203 1243 bonitas
1226 1208 1290 1242 ex
1319 1197 1468 1260 parte
1494 1194 2056 1247 Circumstantiarum.
2103 1196 2258 1248 Unde

433 1269 534 1322 dici
578 1270 722 1332 solet,
776 1272 1065 1324 bonitatem
1103 1282 1258 1325 aetus
1282 1275 1514 1341 pendere
1552 1292 1616 1327 ea*
1650 1277 2112 1330 circumstantiis:
2156 1296 2259 1329 non

431 1352 677 1423 primario
707 1359 760 1405 et
787 1352 1138 1423 principaliter
1162 1373 1196 1416 3.
1216 1355 1307 1406 sed
1335 1354 1571 1408 ultimate
1604 1363 1657 1409 et
1693 1356 1997 1427 completive
2014 1377 2028 1420 ;
2072 1376 2258 1430 suppo-

429 1434 538 1488 sitis
566 1434 805 1487 nimirum
834 1435 1064 1489 bonitate
1100 1438 1316 1505 Objecti,
1365 1443 1418 1490 et
1453 1437 1680 1491 bonitate
1708 1441 1885 1492 Finis.
1975 1440 2104 1493 Cum
2131 1459 2256 1513 ergo

429 1517 498 1569 ad
528 1519 815 1570 bonitatem
860 1517 1128 1588 cujuslibet
1170 1525 1314 1572 actus
1356 1519 1562 1572 moralis
1603 1523 1717 1574 tria
1759 1521 1869 1573 haec
1907 1522 2254 1591 requirantur,

427 1598 585 1669 idque
632 1599 954 1669 conjunctim,
1001 1602 1252 1653 Materia
1297 1600 1449 1664 licita,
1494 1604 1728 1655 Intentio
1763 1609 1921 1664 recta,
1975 1611 2029 1657 et
2066 1604 2255 1657 debitae

437 1682 870 1735 Circumstantioe
885 1701 904 1742 ;
944 1682 1270 1735 manifestum
1311 1689 1389 1735 est
1433 1694 1632 1736 rectam
1678 1686 2020 1738 intentionem
2062 1704 2157 1755 per
2200 1705 2255 1739 se

426 1763 588 1816 solam
616 1782 720 1816 non
749 1764 1010 1817 sufficere:
1055 1771 1108 1817 et
1145 1782 1211 1817 ex
1254 1765 1584 1834 consequenti
1628 1784 1732 1818 non
1772 1784 1921 1837 posse
1959 1768 2094 1820 bona
2136 1786 2255 1820 con-

424 1845 638 1899 scientia
692 1845 805 1898 fieri
853 1845 1147 1915 quidquam,
1199 1864 1500 1916 quacunque
1552 1848 1762 1900 tandem
1807 1850 2096 1903 intentione
2144 1850 2251 1913 fiat,

425 1927 563 1997 quod
599 1933 689 1980 aut
726 1945 790 1979 ex
835 1945 890 1980 se
923 1927 1124 1980 ratione
1158 1929 1359 1996 Objecti
1400 1928 1629 1982 illicitum
1658 1936 1751 1993 est,
1797 1937 1887 1984 aut
1922 1931 2158 1985 redditur
2187 1951 2252 1985 ex

431 2009 872 2063 Circumstantiis
900 2008 1156 2063 vitiosum.

542 2089 609 2144 X.
696 2091 795 2144 Ast
822 2090 942 2143 huic
970 2091 1157 2144 rationi
1187 2098 1410 2162 opponet
1446 2093 1664 2147 fortasse
1694 2094 1946 2165 quispiam
1974 2097 2136 2150 verba
2163 2096 2252 2150 illa

425 2173 635 2237 Christi,
666 2175 871 2226 Matth.
904 2172 970 2226 vi.
1004 2175 1109 2236 22;
1156 2176 1227 2226 Si
1259 2177 1442 2228 oculus
1472 2186 1595 2229 tuus
1623 2178 1696 2229 sit
1724 2179 1968 2246 simplex,
2006 2189 2055 2230 et
2085 2189 2252 2231 totum

420 2275 616 2324 eorpus
647 2266 795 2308 tuum
826 2257 1065 2308 lucidum
1094 2258 1199 2309 erit
1218 2276 1235 2308 .·
1278 2259 1329 2310 si
1357 2269 1537 2311 autem
1566 2260 1749 2312 oculus
1778 2270 1901 2312 tuus
1928 2262 2003 2312 sit
2020 2279 2249 2329 pravus,

419 2340 525 2391 erit
552 2348 719 2390 totum
745 2356 938 2407 corpus
980 2348 1131 2391 tuum
1161 2340 1501 2393 tenebrosum.
1584 2340 1689 2393 Ubi
1718 2340 1760 2393 si
1789 2359 1884 2411 per
1921 2343 2147 2394 Oculum
2175 2342 2252 2394 in-

419 2419 686 2492 telligatur
714 2422 965 2483 Intentio,
1008 2420 1145 2490 (quae
1174 2439 1317 2474 mens
1346 2428 1426 2475 est
1454 2421 1679 2474 omnium
1707 2422 1818 2476 fere
1846 2423 2188 2495 interpretum
2208 2427 2249 2494 ;)

415 2612 547 2664 alms,
578 2626 646 2657 we
678 2612 845 2657 should
875 2613 978 2670 give
1010 2614 1120 2672 only
1154 2613 1278 2657 what
1311 2615 1350 2657 is
1385 2627 1472 2658 our
1506 2612 1644 2668 own].
1703 2615 1800 2659 For
1830 2620 1880 2660 to
1909 2617 2047 2661 make
2080 2631 2142 2661 an
2171 2623 2249 2663 act

413 2683 552 2740 good,
582 2683 717 2727 there
746 2684 783 2726 is
807 2685 1040 2740 required,
1064 2684 1246 2728 besides
1278 2683 1359 2727 the
1386 2685 1614 2741 goodness
1652 2685 1707 2728 of
1737 2685 1818 2729 the
1849 2687 2039 2739 Matter,
2073 2689 2168 2732 and
2198 2690 2252 2733 of

415 2754 497 2798 the
531 2754 652 2806 End,
689 2754 770 2798 the
808 2753 936 2797 third
970 2755 1223 2806 condition,
1260 2754 1341 2798 the
1379 2754 1606 2811 goodness
1645 2755 1700 2798 of
1733 2755 1815 2800 the
1860 2757 2242 2804 Circumstances.

414 2824 620 2869 Whence
641 2824 738 2868 also
763 2825 800 2868 it
819 2825 858 2869 is
879 2824 1008 2869 often
1033 2826 1133 2870 said
1153 2825 1256 2870 that
1276 2824 1357 2869 the
1377 2825 1604 2882 goodness
1621 2825 1676 2869 of
1689 2840 1749 2869 an
1765 2831 1840 2870 act
1857 2827 2063 2885 depends
2084 2843 2146 2873 on
2165 2830 2246 2874 the

414 2896 797 2947 circumstances,
821 2900 905 2939 not
929 2897 1167 2955 primarily
1190 2896 1283 2940 and
1307 2896 1597 2954 principally,
1622 2896 1707 2941 but
1738 2897 2000 2957 ultimately
2025 2900 2118 2943 and
2143 2915 2192 2945 as
2217 2917 2246 2945 a

409 2967 652 3010 condition
674 2967 728 3011 of
745 2967 804 3010 its
837 2967 1200 3025 completeness3
1230 2968 1482 3025 supposing
1511 2967 1593 3012 the
1626 2967 1855 3025 goodness
1891 2970 1945 3013 of
1963 2970 2045 3015 the
2070 2971 2246 3016 Matter

410 3038 505 3082 and
525 3038 579 3082 of
599 3038 681 3082 the
700 3038 819 3081 End.

500 3108 609 3152 And
629 3109 736 3153 thus
757 3108 889 3153 these
904 3108 1037 3154 three
1058 3110 1318 3153 conditions
1336 3109 1478 3166 being
1501 3110 1719 3166 required
1738 3110 1812 3154 for
1835 3110 1917 3155 the
1941 3111 2170 3169 goodness
2193 3113 2246 3157 of

409 3194 470 3223 an
495 3179 820 3231 Act,—lawful
845 3180 1034 3234 Matter,
1059 3181 1185 3239 right
1209 3181 1464 3232 Intention,
1485 3181 1580 3223 and
1604 3181 1696 3224 due
1717 3181 2084 3227 circumstances
2098 3199 2111 3235 3
2141 3184 2179 3227 it
2204 3186 2242 3227 is

407 3250 537 3307 plain
569 3251 674 3295 that
703 3251 829 3308 right
860 3251 1101 3296 Intention
1132 3252 1186 3295 of
1204 3251 1336 3296 itself
1358 3252 1469 3295 does
1493 3255 1577 3295 not
1596 3253 1778 3296 suffice:
1812 3253 1905 3296 and
1932 3253 2129 3311 nothing
2155 3268 2242 3298 can

408 3321 469 3365 be
490 3322 612 3366 done
632 3322 744 3366 with
763 3336 792 3366 a
811 3322 935 3379 good
956 3322 1252 3375 Conscience,
1273 3322 1385 3366 with
1404 3322 1638 3366 whatever
1657 3323 1912 3375 Intention,
1936 3324 2087 3367 which
2106 3325 2160 3377 is,
2179 3326 2243 3383 by

407 3406 576 3437 reason
597 3394 651 3438 of
665 3393 747 3437 the
771 3394 961 3445 Matter,
981 3394 1217 3446 unlawful,
1239 3407 1292 3437 or
1315 3393 1509 3437 vitiated
1529 3393 1592 3451 by
1611 3393 1692 3438 the
1712 3394 2093 3438 Circumstances.

503 3469 574 3509 10.
635 3465 845 3522 Perhaps
867 3478 995 3508 some
1021 3479 1110 3509 one
1129 3465 1225 3508 will
1244 3478 1359 3522 urge
1383 3465 1432 3507 in
1459 3464 1691 3521 obJection
1716 3464 1797 3507 the
1817 3464 1966 3507 words
1992 3464 2046 3507 of
2067 3464 2235 3508 Christ.

408 3533 578 3579 Matth.
602 3536 661 3582 vi.
685 3541 756 3588 22,
795 3536 822 3557 ‘⁶
837 3536 887 3578 If
906 3535 1037 3580 thine
1059 3550 1143 3594 eye
1163 3537 1224 3580 be
1249 3536 1410 3593 single,
1431 3535 1517 3592 thy
1535 3535 1685 3578 whole
1705 3533 1831 3591 body
1851 3533 1968 3577 shall
1992 3534 2051 3577 be
2076 3534 2164 3577 full
2189 3535 2244 3578 of

408 3603 550 3661 light:
584 3606 669 3650 but
700 3607 741 3649 if
767 3606 899 3650 thine
925 3621 1011 3664 eye
1040 3608 1100 3651 be
1131 3608 1236 3659 evil,
1256 3606 1341 3664 thy
1365 3606 1515 3649 whole
1545 3605 1669 3661 body
1693 3603 1811 3648 shall
1831 3604 1889 3647 be
1910 3604 1997 3647 full
2022 3604 2076 3648 of
2102 3605 2239 3648 dark-

406 3675 558 3719 ness.”
619 3677 719 3721 The
746 3678 1050 3736 interpreters
1080 3693 1161 3738 say
1182 3678 1286 3723 that
1306 3677 1388 3721 the
1414 3677 1512 3733 Eye
1531 3675 1643 3719 here
1673 3687 1832 3718 means
1861 3674 1943 3720 the
1972 3675 2238 3731 Intention3
