2482 4166
584 445 1258 513 PRAELECTIO
1338 445 1712 515 PRIMA.
1804 479 1807 481 ·

240 617 313 662 IN
355 617 486 670 QUA
526 617 950 663 PROPONITUR.
990 619 1075 662 ΕΤ
1117 618 1533 664 EXPLICATUR
1580 619 2035 665 CONSCIENTIAE

966 689 1319 734 DEFINITIO.

957 1015 980 1062 1
1010 1016 1130 1064 Con.
1160 1015 1230 1064 ΙΙ.
1259 1016 1337 1064 11.

274 1137 390 1197 Quis
422 1137 672 1186 homiuum
706 1137 837 1186 novit
869 1154 973 1199 quoe
1006 1147 1119 1184 sunt
1153 1137 1376 1197 hominis,
1412 1136 1511 1184 nisi
1544 1136 1764 1199 Spiritus
1796 1134 2006 1183 hominis

928 1216 1011 1277 qui
1045 1225 1109 1263 est
1142 1215 1196 1262 in
1230 1216 1329 1279 ipso
1350 1216 1377 1261 ‚9

216 1346 258 1398 Ι.
431 1345 785 1399 ERMAGN
795 1344 910 1398 AM
954 1348 1095 1398 essea
1141 1347 1252 1398 vim
1303 1346 1635 1398 conscientiae
1683 1345 1737 1397 in
1786 1352 2064 1416 utramque

470 1427 690 1495 (fiduciae
733 1429 1021 1497 metusque)
1068 1433 1287 1497 partem,
1340 1437 1389 1479 et
1437 1429 1730 1500 prudentes
1776 1429 1889 1480 viri
1934 1429 2065 1480 olim

215 1509 514 1571 docuerunt,
560 1516 613 1561 et
649 1509 773 1561 satis
801 1515 1081 1561 attestatur
1109 1507 1349 1578 proprius
1378 1507 1623 1577 cujusque
1662 1526 1840 1561 sensus
1880 1515 1933 1562 et
1977 1527 2066 1561 ex-

213 1590 478 1662 perientia.
534 1591 649 1653 Quo
678 1590 843 1662 magis
872 1589 1147 1642 dolendum
1177 1596 1270 1651 est,
1301 1589 1574 1659 plerosque
1599 1589 1909 1653 mortalium,
1934 1594 2064 1644 dum

213 1692 393 1726 rerum
421 1675 761 1726 mediocriter
790 1673 1011 1725 utilium
1042 1671 1319 1725 Scientiam
1362 1671 1515 1723 anxie
1551 1679 1822 1735 venantur,
1867 1673 1920 1725 in
1955 1680 2065 1726 tam

213 1772 385 1808 crassa
436 1754 644 1807 interim
703 1756 1037 1808 conscientiae
1094 1773 1200 1807 suae
1250 1753 1575 1826 ignoratione
1631 1754 1841 1807 versari.
1946 1756 2064 1819 Qua

212 1843 386 1889 tamen
411 1855 513 1889 non
543 1843 622 1889 est
649 1835 779 1889 alius
808 1836 1094 1906 quisquam,
1115 1843 1206 1888 aut
1227 1838 1459 1889 monitor
1486 1835 1702 1900 fidelior,
1726 1844 1818 1890 aut
1840 1856 2064 1891 accusa-

214 1929 297 1972 tor
325 1917 634 1991 diligentior,
667 1925 758 1972 aut
807 1921 954 1972 testis
995 1918 1223 1990 gravior,
1255 1925 1346 1971 aut
1372 1920 1544 1987 judex
1571 1918 1931 1989 incorruptior,
1972 1926 2064 1973 aut

212 2002 415 2053 solator
443 2000 734 2071 jucundior,
771 2008 862 2054 aut
891 2003 1058 2055 hostis
1093 2001 1451 2071 importunior.
1539 2002 1615 2053 Ut
1657 2000 1832 2070 itaque
1876 2002 2062 2054 decan-

212 2089 378 2135 tatum
416 2082 543 2135 illud
577 2082 688 2152 jam
732 2082 851 2135 olim
889 2083 1064 2156 «γνῶθι
1105 2079 1340 2138 σεαυτὸν
1383 2082 1725 2135 studiosorum
1765 2083 1977 2136 auribus
2007 2090 2062 2137 et

212 2164 468 2217 mentibus
496 2164 813 2227 instillarem,
844 2165 1083 2234 ipsosque
1112 2165 1178 2217 ab
1209 2166 1394 2217 inanis
1422 2166 1658 2218 scientiae
1682 2164 1840 2218 nimia
1868 2165 2061 2236 cupidi-

213 2252 322 2299 tate
360 2246 556 2298 modice
599 2246 927 2308 diverterem,
974 2254 1026 2299 et
1065 2247 1134 2298 ad
1188 2246 1435 2316 majorem
1490 2249 1836 2300 Conscientiae
1884 2266 2060 2301 curam

210 2328 504 2398 cultumque
548 2327 734 2380 sensim
775 2328 1081 2391 invitarem3
1133 2327 1420 2381 existimavi
1459 2346 1631 2398 operae
1674 2348 1756 2382 me
1802 2329 2059 2383 facturum

212 2409 450 2479 pretium,
482 2410 525 2462 si
553 2409 605 2461 in
636 2412 985 2463 Conscientiae
1012 2412 1298 2463 Naturam
1338 2416 1392 2462 et
1438 2413 1604 2463 Usum
1646 2410 1800 2481 paulo
1844 2412 2059 2484 diligen-

212 2490 314 2543 tius
354 2490 681 2561 inquirerem,
727 2497 781 2543 et
823 2509 939 2560 quae
982 2491 1107 2543 mihi
1148 2491 1202 2543 in
1245 2509 1359 2544 eam
1397 2510 1507 2544 rem
1542 2492 1672 2545 scitu
1700 2493 1860 2564 digna
1898 2494 2057 2547 medi-

211 2572 343 2625 tanti
372 2573 725 2635 occurrissent,
757 2573 900 2626 vobis
929 2573 1250 2626 auditoribus
1283 2591 1378 2643 pro
1419 2574 1565 2626 officii
1608 2575 1709 2627 mei
1753 2575 1954 2628 ratione
1991 2595 2056 2629 ex

209 2656 307 2708 hoc
332 2655 441 2708 loco
471 2654 910 2708 communicarem.
978 2655 1150 2709 statui
1176 2655 1336 2727 igitur
1365 2656 1462 2708 hac
1490 2656 1818 2727 praelectione
1845 2661 2058 2712 Consci-

210 2740 366 2791 entice
393 2740 677 2791 Naturam
710 2736 997 2791 definiendo
1038 2738 1329 2808 explicare:
1375 2738 1700 2809 expositurus
1728 2739 1916 2793 futuris
1954 2741 2055 2794 lec-

208 2819 431 2872 tionibus
478 2819 546 2888 (si
588 2821 732 2872 Deus
771 2820 1101 2888 concesserit)
1143 2822 1502 2883 Conscientiae,
1543 2821 1765 2874 maxime
1802 2839 1905 2892 qua
1932 2822 2056 2876 faci-

211 2902 344 2954 enda
372 2907 585 2971 spectat,
628 2904 794 2958 Usum
823 2912 873 2955 et
903 2904 1107 2972 Officia,
1134 2902 1289 2972 idque
1315 2920 1409 2972 per
1438 2905 1708 2972 duplicem
1735 2911 2051 2974 respectum3

203 2985 445 3053 priorem
466 2983 657 3036 scilicet
680 2984 749 3036 ad
773 3002 1006 3036 normam
1026 2984 1155 3056 legis
1177 2984 1258 3037 cui
1279 2987 1485 3039 subesse
1507 2986 1677 3049 debet,
1698 2990 2051 3056 posteriorem

208 3065 277 3118 ad
305 3072 449 3119 actus
476 3066 727 3119 humanos
755 3066 939 3136 quibus
967 3073 1092 3120 nata
1120 3074 1198 3121 est
1217 3087 1463 3137 prceesse.

734 3255 752 3274 ²²
778 3247 918 3286 Cicero
935 3261 1009 3298 pro
1027 3250 1178 3287 Milone
1197 3249 1251 3299 [c.
1268 3250 1377 3288 xxiii.
1397 3250 1420 3299 ξ
1440 3249 1522 3298 61.]

292 3361 338 3417 ⁴1.
397 3355 485 3400 We
514 3370 623 3414 may
651 3356 837 3401 remark
863 3357 912 3399 in
941 3356 1033 3400 this
1061 3357 1263 3410 Section,
1286 3358 1368 3403 the
1389 3359 1712 3403 enumeration
1738 3357 1791 3402 of
1816 3357 1897 3403 the
1916 3359 2044 3417 prin-

209 3428 330 3486 cipal
368 3428 520 3472 offices
558 3441 612 3471 or
648 3432 745 3472 acts
788 3427 842 3471 of
880 3428 1173 3471 conscience:
1234 3429 1273 3472 it
1306 3443 1455 3473 warns
1495 3443 1550 3473 us
1591 3429 1754 3474 before
1792 3444 1884 3488 any
1923 3431 2044 3475 deed

210 3499 583 3556 contemplated3
631 3512 816 3543 accuses
855 3511 909 3541 us
946 3497 1069 3542 after
1103 3512 1164 3541 an
1203 3499 1294 3543 evil
1328 3499 1448 3544 deed
1492 3500 1643 3553 done;
1690 3500 1825 3545 bears
1857 3501 2044 3546 witness

210 3571 488 3627 concerning
518 3569 634 3614 each
656 3570 710 3613 of
725 3584 811 3613 our
836 3570 1038 3621 actions3
1071 3570 1237 3627 judges
1271 3584 1339 3623 us,
1364 3572 1623 3629 acquitting
1653 3585 1707 3616 or
1734 3572 2044 3631 condemning

209 3652 258 3683 as
282 3640 364 3684 the
390 3634 509 3685 deed
535 3642 574 3685 is
600 3641 722 3699 good
749 3655 801 3684 or
828 3641 942 3693 evi13
981 3640 1189 3685 consoles
1219 3642 1312 3685 and
1343 3642 1564 3687 comforts
1589 3657 1657 3697 us,
1684 3643 1727 3687 if
1750 3645 1789 3689 it
1811 3644 1871 3689 be
1890 3645 2014 3703 good
2028 3660 2044 3700 3

211 3714 437 3756 torments
462 3713 556 3756 and
580 3712 801 3771 punishes
826 3725 894 3764 us,
920 3712 961 3754 if
975 3712 1012 3756 it
1036 3712 1096 3756 be
1117 3713 1221 3757 evil.

378 3819 583 3894 [mn]
1756 3785 1787 3835 ¹
