2482 4166
426 221 495 272 42
956 231 1042 275 DE
1082 230 1258 276 BONA
1295 232 1367 276 IN
1370 232 1709 277 TENTIONE.

428 358 744 415 αἱτιατικῶς
792 358 885 412 sed
939 355 1260 429 ἐκβατικῶς,
1319 367 1379 414 ut
1431 379 1567 431 saepe
1627 360 2047 434 distinguendum
2104 362 2254 417 docet

434 442 836 509 Chrysostomus
856 462 873 493 .·
915 442 1012 494 hoc
1055 448 1148 504 est,
1195 442 1270 495 ita
1305 449 1363 495 ut
1399 455 1635 497 eventum
1663 451 1808 496 notet
1836 445 2106 512 duntaxat,
2152 464 2256 497 non

430 540 608 575 veram
649 523 727 575 rei
773 542 1011 577 causam.
1102 524 1545 586 Quemadmodum
1591 525 1725 577 enim
1775 533 1946 596 potest
1987 527 2075 596 qui
2120 528 2254 580 serio

429 604 837 675 philosophatur,
863 624 927 657 ex
948 604 1058 675 jam
1084 605 1332 657 concessis
1362 607 1428 658 ab
1446 606 1545 658 alio
1559 609 1736 676 falsis
1754 611 2058 676 praemissis
2080 627 2255 662 veram

429 686 623 738 inferre
658 688 1041 739 conclusionem
1059 707 1079 748 ,·
1125 686 1397 739 ridiculum
1443 694 1616 740 tamen
1648 706 1703 740 se
1738 691 1997 758 praeberet
2033 690 2254 753 interim,

430 768 474 821 si
518 769 587 820 ad
626 768 933 821 firmandam
973 787 1157 821 veram
1200 771 1584 822 conclusionem
1611 769 1721 839 ipse
1758 770 1872 823 falsi
1898 771 2093 840 aliquid
2120 772 2257 825 ultro

429 857 728 913 assumeret,
781 850 901 920 quia
948 869 1131 903 verum
1179 870 1284 903 non
1333 853 1541 920 indiyet
1581 853 1732 920 falsi
1773 855 2087 921 patrocinio
2105 874 2122 906 .·
2188 853 2259 905 sic

430 938 602 1002 potest
631 934 790 994 DeuS,
840 933 1000 1002 (quod
1039 939 1092 985 et
1137 932 1283 985 nobis
1318 933 1474 985 etiam
1505 933 1828 1001 aliquatenus
1855 934 2014 1003 licet,)
2043 935 2260 987 aliorum

431 1015 759 1083 malefactis
786 1018 871 1067 uti
898 1017 958 1067 in
982 1016 1171 1067 bonum
1190 1036 1209 1075 ‚·
1256 1015 1347 1068 sed
1375 1033 1469 1066 nec
1483 1013 1698 1084 justitiae
1727 1015 1914 1068 divinae
1941 1017 2261 1085 bonitatique

432 1095 685 1165 congruit,
716 1113 810 1147 nec
837 1095 985 1147 nobis
1011 1095 1267 1149 ullatenus
1300 1095 1495 1149 licitum
1520 1104 1613 1160 est,
1652 1096 1785 1150 velle
1822 1099 2028 1151 malum
2048 1101 2258 1168 facere,

431 1182 492 1228 ut
518 1175 639 1227 inde
667 1176 940 1245 proveniat
970 1179 1174 1234 bonum.

558 1258 656 1311 IX.
717 1259 1105 1327 Aryumentum
1141 1261 1358 1311 tertium
1390 1259 1609 1312 sumitur
1637 1278 1670 1312 a
1697 1267 1886 1314 natura
1917 1263 2040 1313 boni
2069 1271 2224 1315 actus
2240 1284 2258 1315 .-

432 1339 502 1393 ad
551 1339 695 1409 cujus
743 1340 1169 1410 complementum
1219 1340 1443 1393 omnium
1487 1341 1851 1411 requisitarum
1900 1345 2263 1396 conditionum

435 1441 721 1475 concursus
748 1421 822 1474 ita
851 1429 929 1475 est
965 1422 1295 1484 necessariuS‚
1334 1430 1394 1475 ut
1435 1422 1479 1476 si
1518 1441 1547 1475 e
1589 1430 1697 1476 tam
1734 1424 1908 1477 multis
1949 1443 2053 1477 una
2091 1425 2263 1494 aliqua

434 1503 673 1566 abfuerit,
705 1504 904 1557 caeteris
932 1503 1051 1557 licet
1077 1504 1431 1574 praesentibus,
1470 1512 1614 1558 actus
1642 1506 1728 1558 ille
1756 1525 1859 1559 non
1888 1507 2168 1559 censendus
2196 1507 2263 1560 sit

434 1586 698 1638 moraliter
727 1587 905 1638 bonus.
995 1587 1212 1639 Celebre
1241 1594 1319 1639 est
1346 1587 1472 1639 illud
1501 1587 1721 1650 axioma,
1752 1591 1966 1641 Bonum
2003 1608 2063 1641 ex
2093 1608 2263 1642 causa

435 1670 666 1737 inteyra,
690 1670 910 1720 Malum
933 1687 995 1722 ew
1018 1670 1248 1738 quolibet
1268 1670 1474 1737 defectu
1492 1689 1509 1720 .·
1538 1676 1590 1722 et
1610 1676 1809 1723 constat
1835 1670 1888 1722 in
1914 1670 2051 1722 omni
2072 1689 2265 1742 genere

435 1768 611 1802 rerum
640 1749 789 1821 plura
817 1751 1323 1806 adconstruendum
1351 1750 1561 1820 requiri,
1592 1769 1745 1821 quam
1773 1752 1843 1804 ad
1871 1755 2262 1806 destruendum.

439 1832 634 1885 Sufficit
672 1832 878 1901 quidem
917 1834 1153 1901 defectus
1194 1834 1338 1885 bonoe
1377 1835 1689 1886 intentionis
1735 1834 1804 1886 ad
1847 1835 1948 1886 hoc
1985 1841 2045 1886 ut
2092 1835 2266 1904 aliqua

437 1916 582 1967 actio
626 1913 693 1966 sit
738 1915 906 1976 mala,
948 1914 1113 1983 (cujus
1157 1914 1291 1966 enim
1321 1917 1456 1982 finis
1509 1917 1688 1968 malus
1733 1923 1827 1978 est,
1879 1923 1933 1969 et
1977 1916 2142 1986 ipsum
2188 1923 2267 1969 est

436 1998 642 2048 malum
662 1997 702 2064 ι)
746 1995 837 2048 sed
877 2013 980 2047 non
1009 1995 1191 2048 sufficit
1219 2003 1312 2048 aut
1343 1999 1477 2063 finis
1517 1998 1696 2059 bonus,
1733 2005 1823 2050 aut
1858 2000 1995 2051 bona
2023 2000 2264 2061 intentiO,

436 2078 504 2130 ad
547 2078 644 2129 hoc
686 2084 745 2130 ut
788 2079 933 2130 actio
976 2076 1043 2129 sit
1075 2078 1228 2139 bona,
1267 2077 1364 2129 nisi
1406 2077 1578 2130 adsint
1614 2085 1668 2131 et
1709 2086 1910 2131 caeterae
1940 2082 2267 2133 conditiones

436 2160 713 2229 requisitae.
772 2159 1130 2228 Requiruntur
1158 2166 1332 2212 autem
1353 2159 1422 2211 ad
1450 2160 1562 2220 hoc,
1590 2162 1812 2213 utactio
1837 2161 2024 2230 aliqua,
2049 2161 2154 2213 sive
2184 2164 2266 2214 in-

442 2245 606 2295 terior
634 2241 926 2303 voluntatiS,
950 2241 1058 2294 sive
1085 2243 1366 2294 exterioris
1395 2240 1581 2310 operm,
1608 2241 1676 2294 sit
1704 2244 1858 2308 bona,
1886 2249 1994 2295 tres
2016 2242 2269 2296 distinctae

441 2326 735 2377 bonitates.-
781 2323 983 2376 bonitas
1025 2322 1214 2376 scilicet
1267 2324 1484 2391 Objecti,
1524 2322 1725 2376 bonitas
1767 2327 1931 2378 Finis
1973 2331 2026 2377 et
2068 2324 2270 2378 bonitas

443 2408 1014 2460 Circumstantiarum.
1106 2405 1338 2468 Qualitas
1367 2404 1634 2475 cujuslibet
1658 2407 1829 2459 Actus
1856 2406 2021 2476 primo
2051 2413 2104 2460 et
2131 2406 2271 2477 prin-

440 2487 672 2556 cipaliter
700 2488 894 2558 pendet
923 2506 988 2539 ex
1011 2487 1259 2556 qualitate
1289 2488 1489 2555 Oby'ecti
1517 2486 1625 2539 sive
1646 2490 1904 2541 Materiae
1926 2491 2079 2542 circa
2107 2507 2271 2558 quam

440 2576 707 2623 versatur:
754 2569 828 2622 ita
857 2576 915 2622 ut
942 2569 1064 2621 inde
1094 2568 1450 2621 denominetur
1472 2570 1643 2621 Actus
1668 2569 1896 2638 quilibet,
1926 2570 2189 2624 indefinite
2218 2577 2271 2625 et

534 2763 578 2803 9.
645 2759 790 2802 Third
814 2759 1089 2816 Argument.

532 2828 576 2872 A
609 2829 733 2886 good
761 2835 837 2874 act
866 2831 1072 2887 requires
1096 2829 1179 2875 the
1210 2844 1522 2875 concur-renco
1560 2832 1615 2875 of
1646 2832 1710 2875 all
1739 2833 1960 2890 requisito
1997 2834 2272 2888 conditions,

442 2900 691 2957 according
714 2905 764 2944 to
790 2901 882 2945 this
903 2902 1104 2953 maxim3
1135 2901 1161 2922 “
1178 2902 1313 2945 Good
1346 2916 1500 2946 comes
1526 2903 1580 2945 of
1605 2902 1687 2946 the
1712 2905 1862 2948 entire
1890 2918 2027 2948 cause
2047 2921 2060 2956 3
2093 2906 2198 2958 evil,
2223 2907 2278 2950 of

442 2985 535 3028 any
567 2971 766 3015 defect.’'
826 2972 884 3015 In
918 2972 982 3015 all
1007 2971 1176 3030 things,
1202 2986 1333 3017 more
1357 2973 1396 3017 is
1420 2973 1642 3031 requisite
1666 2978 1716 3017 to
1743 2976 2060 3019 construction
2083 2975 2199 3019 than
2223 2980 2273 3020 to

441 3042 742 3087 destruction.

533 3112 641 3155 And
672 3113 796 3166 thus,
821 3113 903 3158 the
930 3113 1101 3158 Defect
1126 3114 1181 3159 of
1204 3115 1328 3172 good
1358 3115 1593 3159 intention
1622 3116 1660 3160 is
1690 3117 1917 3160 sufficient
1948 3119 1998 3159 to
2027 3115 2165 3160 make
2192 3117 2274 3161 the

442 3184 598 3228 action
623 3185 738 3237 evi13
769 3185 855 3229 but
886 3185 968 3229 the
996 3186 1228 3230 Presence
1253 3186 1404 3230 either
1435 3187 1489 3230 of
1514 3201 1542 3230 a
1566 3187 1688 3243 good
1719 3188 1810 3231 end
1841 3201 1895 3231 or
1919 3187 1973 3230 of
1998 3201 2027 3230 a
2055 3187 2178 3244 good
2203 3188 2273 3230 in-

442 3256 626 3299 tention
658 3255 769 3300 does
800 3260 885 3300 not
917 3257 1073 3301 suffice
1105 3261 1154 3305 to
1191 3257 1327 3301 make
1360 3257 1442 3302 the
1473 3258 1630 3301 action
1661 3258 1799 3315 good,
1836 3263 2002 3316 except
2034 3258 2115 3302 the
2141 3258 2277 3303 other

442 3327 663 3383 requisite
689 3327 950 3371 conditions
975 3328 1071 3371 also
1091 3327 1152 3372 be
1173 3334 1377 3385 present.

533 3398 628 3441 But
660 3402 710 3442 to
744 3398 881 3442 make
914 3413 1006 3456 any
1045 3403 1121 3447 act
1155 3400 1291 3456 good,
1317 3398 1490 3453 (either
1523 3400 1718 3443 interior
1751 3404 1828 3443 act
1864 3399 1919 3443 of
1948 3398 2030 3443 the
2060 3399 2185 3451 Will,
2221 3413 2276 3443 or

444 3469 645 3512 exterior
664 3467 789 3522 Act,)
820 3469 953 3513 there
979 3483 1059 3513 are
1083 3471 1315 3527 required,
1340 3472 1568 3527 goodness
1600 3471 1655 3514 of
1673 3470 1755 3515 the
1790 3470 1946 3527 Objezcc,
1971 3469 2200 3526 goodness
2226 3470 2281 3513 of

443 3537 525 3581 the
549 3539 673 3592 End,
699 3541 792 3583 and
811 3541 1039 3598 goodness
1062 3541 1117 3584 of
1135 3541 1217 3585 the
1246 3542 1605 3586 Circumstances.

536 3610 637 3654 The
664 3612 842 3669 quality
862 3612 916 3655 of
934 3626 1025 3669 any
1045 3617 1134 3663 act,
1158 3605 1227 3670 (as
1248 3613 1370 3669 good
1392 3626 1445 3656 or
1464 3606 1592 3671 bad,)
1620 3610 1826 3667 depends
1856 3609 1957 3652 first
1987 3609 2081 3652 and
2104 3610 2274 3667 princi-

442 3678 569 3736 pally
590 3694 651 3723 on
671 3682 752 3725 the
776 3682 942 3739 ObJect
963 3697 1016 3727 or
1035 3683 1235 3727 Matter:
1270 3697 1320 3728 so
1340 3683 1444 3727 that
1464 3683 1587 3726 from
1606 3681 1713 3733 this,
1734 3694 1794 3723 an
1814 3684 1890 3724 act
1911 3680 1949 3724 is
1969 3680 2272 3741 indefinitely,
