2482 4166
445 281 512 331 64
979 291 1065 333 DE
1106 291 1361 335 PIORUM
1400 291 1739 335 EXEMPLIS.

442 419 675 473 assiduus
716 420 771 473 in
810 420 996 474 itinere
1039 439 1207 473 comes
1242 428 1294 474 et
1341 420 1537 492 collega
1577 421 1763 484 fuerat,
1805 422 1893 492 qui
1945 420 2272 479 Christianoe

444 504 715 557 libertatis
757 503 1041 557 doctrinam
1087 504 1338 556 adversus
1380 503 1593 555 Judaeos
1630 510 1923 558 constanter
1961 515 2270 569 asseruerat,

441 586 577 639 tanti
614 586 849 657 Apostoli
886 585 1194 639 auctoritate
1232 591 1510 655 permotus,
1556 584 1611 636 in
1654 586 1869 639 eandem
1906 590 2273 641 simulationis

441 671 744 722 societatem
791 668 1048 730 concessit,
1091 686 1194 720 non
1238 667 1347 721 sine
1391 685 1579 739 magno
1619 666 1844 722 fidelium
1883 669 1971 738 qui
2014 689 2080 723 ex
2133 672 2272 724 Gen-

443 753 587 805 tibus
628 757 778 804 erant
819 750 1074 803 scandalo.

571 835 671 887 ΙΙΙ.
759 834 1151 905 Reprehensum
1180 852 1212 886 a
1240 851 1294 886 se
1320 833 1416 886 hoc
1444 831 1648 886 nomine
1686 837 1921 898 Petrum,
1965 834 2122 905 idque
2152 853 2271 907 gra-

445 916 581 969 viter
626 924 680 970 et
720 917 891 988 palam
928 923 980 969 et
1022 916 1221 979 meritc,
1266 923 1448 969 narrat
1493 916 1575 968 hic
1619 919 1853 971 Paulus.
1930 918 2050 969 Non
2089 918 2268 980 solum,

443 999 583 1069 quod
611 999 721 1070 ipse
756 1018 869 1052 cum
897 1005 977 1051 tot
1014 999 1235 1051 fratrum
1265 998 1521 1061 scandaIO,
1567 1017 1631 1051 ex
1673 999 1828 1051 nimio
1872 999 1980 1053 sive
2009 1002 2272 1070 placendi

439 1081 613 1134 studio
643 1081 751 1134 sive
779 1083 1084 1150 offensionis
1119 1088 1276 1143 metu,
1310 1083 1599 1134 Judaismo
1641 1081 1980 1135 faventiorem
2019 1101 2074 1135 se
2115 1101 2271 1152 quam

443 1181 540 1233 par
571 1170 686 1216 erat
714 1162 1010 1215 simularet:
1053 1163 1144 1215 sed
1172 1163 1310 1233 quod
1338 1170 1392 1215 et
1419 1163 1546 1215 alios
1575 1181 1665 1216 suo
1695 1167 1926 1234 ememplo
1952 1164 2007 1216 in
2043 1164 2271 1234 ejusdem

442 1244 776 1317 hypocriseos
820 1243 1143 1315 participium
1200 1244 1500 1315 pellexerat,
1552 1245 1833 1315 eodemque
1883 1248 2116 1316 eoeemplo
2154 1264 2271 1316 per-

443 1335 597 1400 geret
642 1328 911 1380 credentes
958 1327 1113 1380 etiam
1151 1345 1180 1379 e
1221 1326 1473 1381 Gentibus
1517 1330 1594 1380 acl
1635 1330 2061 1392 Judaizandum,
2108 1329 2271 1381 reluc-

444 1418 589 1464 tante
632 1412 957 1465 conscientia
992 1416 1045 1462 et
1079 1409 1227 1480 quasi
1264 1408 1466 1472 invitOS,
1507 1429 1700 1479 coyere.
1765 1412 1817 1462 N
1820 1429 1885 1463 on
1924 1430 2035 1463 sum
2073 1411 2271 1464 nescius

443 1496 882 1563 aHieronymum,
901 1499 1019 1563 post
1036 1492 1162 1545 alios
1184 1511 1310 1563 quos
1338 1491 1423 1545 ille
1451 1492 1574 1546 citat
1596 1493 1863 1546 sententiae
1889 1512 1995 1546 suae
2018 1500 2269 1556 auctoreS,

443 1577 599 1648 longe
648 1577 904 1630 diversam
959 1575 1147 1628 afferre
1195 1576 1261 1627 ab
1309 1593 1371 1627 ea
1426 1593 1581 1645 quam
1631 1594 1765 1628 nunc
1820 1576 1971 1629 attuli
2016 1579 2271 1629 Paulinae

444 1661 865 1729 reprehensionis
911 1657 1423 1728 interpretationem.
1474 1658 1680 1719 scilicet,
1739 1676 1842 1710 non
1897 1658 2031 1710 serio
2084 1665 2138 1711 et
2194 1658 2271 1712 uti

445 1742 734 1804 videbatur,
782 1741 873 1794 sed
918 1736 1038 1795 κατ’
1085 1742 1378 1806 οἰκονομίαν
1420 1746 1473 1792 et
1520 1759 1584 1793 ex
1628 1742 1913 1809 composito
1963 1740 2099 1794 inter
2143 1741 2271 1794 duos

444 1842 668 1877 summos
696 1822 984 1895 ApostolOS,
1015 1823 1256 1876 Ecclesiae
1290 1822 1513 1876 utilitate
1552 1822 1622 1875 sic
1665 1823 1971 1893 postulante,
2016 1841 2126 1875 rem
2166 1842 2272 1875 om-

443 1926 562 1960 nem
605 1914 819 1978 gestam.
907 1905 1162 1958 Nimirum
1208 1906 1305 1958 hoc
1347 1904 1525 1967 voluit,
1569 1907 1965 1959 simulationem
2008 1907 2164 1959 Petri
2204 1905 2272 1959 ad

444 1989 742 2043 retinendos
770 1991 1085 2041 Judoeorum
1114 1988 1309 2040 animos
1336 1987 1492 2041 fuisse
1529 1988 1902 2041 necessariam:
1946 2006 2061 2058 quae
2098 1996 2272 2041 tamen

446 2091 512 2125 ne
551 2079 795 2144 vergeret
832 2071 980 2123 nimis
1019 2070 1072 2122 in
1118 2072 1374 2124 Gentium
1419 2069 1717 2141 periculum,
1761 2070 2100 2123 necessariam
2145 2070 2270 2124 item

444 2155 599 2207 fuisse
628 2162 681 2207 et
709 2156 1112 2208 simulatoriam
1140 2152 1368 2223 ejusdem
1392 2170 1425 2205 a
1446 2154 1625 2205 Paulo
1652 2154 2102 2222 reprehensionem
2119 2173 2139 2214 ,·
2168 2171 2271 2223 qua

444 2245 499 2290 et
527 2240 841 2291 Judoeorum
882 2255 1034 2290 error
1067 2236 1133 2288 de
1162 2235 1334 2288 valida
1367 2235 1535 2288 adhuc
1571 2234 1702 2307 legis
1737 2234 1931 2287 rituum
1960 2234 2270 2307 obligatione

444 2321 515 2373 sic
544 2320 908 2392 corrigeretur,
939 2326 993 2372 et
1019 2319 1202 2371 eadem
1230 2318 1437 2370 interim
1467 2335 1641 2388 opera,
1672 2336 1737 2370 ne
1765 2317 1902 2387 quod
1926 2316 2046 2369 inde
2068 2324 2272 2370 creetur

451 2404 756 2457 Gentilibus
809 2404 1139 2457 Christianis
1186 2400 1412 2454 scandali
1457 2400 1755 2470 periculum,
1804 2406 2088 2453 caveretur.
2186 2399 2272 2452 Ex

443 2486 710 2539 amborum
737 2486 914 2556 utique
944 2484 1213 2554 conjuncta
1238 2485 1581 2537 simulatione
1607 2482 1662 2535 id
1699 2482 1802 2554 agi,
1843 2489 1901 2535 ut
1939 2489 2046 2535 tam
2088 2484 2273 2534 Judoez·

445 2587 600 2638 quam
652 2570 847 2621 Gentes
899 2567 952 2619 in
1001 2566 1195 2619 Christi
1251 2567 1368 2628 fide,
1428 2583 1580 2635 quam
1633 2583 1736 2617 non
1794 2564 1868 2617 ita
1924 2564 2125 2635 pridem
2165 2583 2272 2616 am-

443 2650 583 2720 plexi
644 2657 829 2712 essent,
887 2650 985 2702 hac
1040 2648 1186 2717 quasi
1232 2651 1342 2718 pia
1381 2650 1595 2716 fraude
1651 2647 1847 2699 facilius
1902 2646 2269 2699 retinerentur.

447 2732 586 2784 Illud
635 2731 826 2801 itaque,
857 2728 1002 2786 κατὰ
1047 2726 1344 2805 πρόσωπον
1381 2725 1530 2800 αὐτῷ
1572 2726 1862 2794 ἀντέστην,
1906 2727 1978 2779 Sic
2019 2728 2272 2797 interpre-

446 2822 604 2878 tatur,
648 2814 973 2867 accommode
1010 2812 1065 2864 in
1103 2812 1243 2863 illam
1273 2829 1426 2880 quam
1455 2817 1631 2863 tuetur
1672 2809 1978 2863 sententiam
2021 2810 2101 2877 (ut
2142 2808 2272 2863 solet

494 3005 512 3025 ³
530 2999 753 3036 Comment.
764 2997 804 3033 in
817 2996 946 3045 Epist.
962 2996 1012 3033 ad
1026 2996 1189 3033 Galatas
1207 2995 1313 3044 [Lib.
1403 2993 1617 3042 Augustin.
1636 2992 1713 3040 Ep.
1731 2989 1872 3038 lxxiv]

446 3072 475 3098 1.
488 3073 574 3109 cap.
588 3061 627 3106 ii,
641 3060 750 3108 Opp.
766 3059 880 3096 Tom.
893 3069 950 3096 1v.
969 3070 1011 3106 p.
1025 3059 1111 3102 243,
1130 3068 1220 3105 sqq.
1234 3069 1244 3103 ;
1264 3056 1315 3092 ad

542 3171 584 3211 3.
650 3166 705 3209 St
729 3164 849 3208 Paul
879 3164 1049 3207 relates
1075 3160 1139 3216 (v.
1165 3158 1242 3215 11)
1267 3160 1370 3204 that
1395 3159 1455 3204 he
1485 3161 1713 3204 withstood
1744 3157 1799 3204 St
1818 3159 1951 3203 Peter
1987 3166 2030 3202 to
2060 3160 2126 3202 the
2149 3160 2273 3216 sace,

445 3240 617 3282 because
653 3238 701 3281 he
737 3251 828 3280 was
862 3243 903 3279 to
941 3237 986 3279 be
1018 3235 1213 3282 blamed,
1208 3250 1218 3260 ·
1256 3232 1350 3275 and
1381 3232 1506 3289 gives
1542 3230 1604 3286 (v.
1643 3228 1851 3284 14—21)
1887 3230 1968 3274 the
2005 3236 2274 3288 arguments

445 3309 593 3353 which
617 3309 677 3353 he
702 3308 830 3352 used.

528 3382 560 3424 J
562 3394 718 3424 erome
737 3379 872 3423 holds
892 3378 996 3422 that
1016 3376 1108 3422 this
1125 3390 1215 3419 was
1237 3376 1391 3420 done
1379 3390 1427 3418 1n
1447 3374 1528 3419 the
1548 3388 1649 3432 way
1670 3374 1724 3418 of
1739 3377 2081 3431 management,
2101 3373 2177 3417 for
2194 3371 2276 3417 the

444 3453 703 3509 advantage
720 3452 773 3495 of
788 3451 868 3494 the
886 3449 1098 3502 Church3
1129 3447 1282 3492 Peter’
1286 3462 1306 3492 s
1327 3447 1594 3492 simulation
1615 3446 1754 3503 being
1778 3445 1932 3488 useful
1951 3449 2000 3487 to
2016 3445 2172 3501 please
2193 3444 2274 3488 the

444 3525 581 3575 Jews,
604 3524 698 3566 and
717 3522 872 3566 Paul's
903 3521 1080 3565 rebuke
1106 3521 1246 3577 being
1271 3520 1368 3563 also
1394 3517 1640 3562 simulated
1667 3522 1716 3560 to
1736 3515 1907 3573 gratify
1926 3514 2008 3557 the
2035 3514 2274 3568 Gentiles;

444 3595 539 3637 and
559 3595 682 3647 thus,
701 3594 818 3637 both
838 3594 1011 3651 parties
1033 3605 1153 3636 were
1177 3590 1391 3635 retained
1410 3591 1459 3632 in
1479 3589 1561 3633 the
1583 3587 1769 3632 Ghurch
1787 3587 1852 3643 by
1870 3599 1898 3628 a
1917 3586 2050 3642 pious
2070 3584 2224 3628 fraud.

534 3666 609 3708 He
634 3666 880 3708 maintains
901 3665 997 3707 also
1018 3663 1121 3707 that
1141 3662 1323 3706 instead
1344 3661 1398 3704 of
1412 3661 1494 3704 the
1513 3659 1662 3703 words
1682 3654 1786 3700 κατὰ
1805 3657 2039 3714 πρόσωπον
2059 3657 2276 3714 meaning

434 3738 545 3792 face
565 3743 606 3778 to
619 3738 743 3792 face,
767 3736 880 3793 they
904 3749 1041 3778 mean
1060 3736 1109 3777 in
1134 3747 1424 3791 appearance,
1442 3745 1492 3775 as
1514 3736 1540 3773 2
1563 3730 1666 3773 Gor.
1691 3741 1737 3772 x.
1764 3733 1804 3781 1,
1834 3728 1869 3770 Ι
1879 3728 2027 3771 Paul.
2046 3760 2056 3771 .
2078 3762 2088 3771 .
2111 3730 2205 3772 who
2226 3729 2275 3771 in

446 3797 669 3864 presence
695 3821 770 3848 am
792 3808 888 3849 base
915 3820 1075 3862 amony
1096 3820 1201 3861 you.
