2482 4166
853 254 1235 300 PRAELEGTIO
1277 254 1537 306 QUINTA.
2014 246 2118 302 157

275 389 454 459 yionis
494 402 672 440 sensus
713 383 896 454 aliquis
934 382 1022 454 qui
1063 381 1294 435 homines
1336 381 1390 434 in
1429 381 1591 435 officio
1632 382 1924 439 contineat:
1967 385 2115 440 facile

278 467 544 536 constabit·
560 485 714 538 quam
737 465 954 537 provide
981 483 1014 518 a
1042 464 1412 536 sapientissimo
1441 482 1618 518 rerum
1644 465 1974 520 moderatore
1998 471 2115 522 Deo

280 553 406 621 opt.
437 552 594 603 Maoe.
626 548 912 602 consultum
953 547 1020 601 sit
1055 547 1211 600 rebus
1249 546 1502 610 humaniS,
1543 547 1682 618 quod
1710 547 1955 602 indiderit
1998 569 2116 604 con-

276 635 515 686 scientiis
536 631 814 694 hominum,
846 649 962 701 quae
982 648 1095 683 cum
1124 629 1234 701 ipso
1256 628 1471 683 rationis
1492 648 1588 683 usu
1613 629 1762 683 simul
1779 630 2113 695 adolesceret,

275 714 567 786 religiosam
606 713 864 785 quandam
907 715 1115 783 Leyum
1163 715 1535 769 reverentiam.
1624 712 1780 765 Unde
1821 712 2015 767 factum
2057 721 2117 768 ut

273 797 414 867 apud
451 799 717 850 Ethniccs
746 795 857 850 veri
895 796 997 848 Dei
1025 795 1249 867 ignaros„
1291 794 1380 849 vix
1411 801 1651 866 repertus
1678 794 1836 849 fuerit
1866 815 1895 849 e
1936 796 2116 867 priscis

276 881 764 949 Lequmlatoribus,
795 877 883 949 qui
916 895 1045 948 quas
1084 877 1337 931 condebat
1383 879 1531 947 leyes,
1576 896 1681 930 non
1715 895 1803 930 eas
1837 878 1905 931 ab
1944 879 2115 949 aliquo

275 963 516 1015 Numine
550 961 648 1015 sibi
685 961 904 1015 traditas
931 959 1254 1014 mentiretur.
1340 961 1424 1013 De
1464 962 1671 1023 Numa,
1714 962 1966 1025 ZaleucO,
2008 965 2115 1032 Ly-

276 1062 454 1113 curyo,
486 1044 687 1107 ceteris,
711 1061 828 1114 quae
856 1042 910 1095 in
937 1043 1071 1096 hanc
1098 1061 1211 1095 rem
1232 1043 1448 1096 tradunt
1476 1042 1721 1107 historice,
1753 1061 1856 1097 non
1887 1063 2014 1116 opus
2037 1052 2116 1099 est

275 1132 335 1179 ut
361 1145 671 1190 recenseam,
702 1144 860 1197 quum
889 1125 992 1179 sint
1022 1125 1255 1179 omnibus
1283 1125 1563 1180 notissima.

393 1210 625 1264 XXVII.
712 1211 882 1262 Ratio
934 1211 1110 1262 tertia.
1216 1209 1368 1272 Quod
1422 1209 1712 1262 faciendum
1769 1217 1848 1264 est
1888 1223 2115 1283 propter

278 1293 593 1354 Dominum,
629 1291 697 1345 ad
725 1290 778 1344 id
816 1290 1106 1344 faciendum
1146 1290 1434 1363 obligamur
1476 1294 1537 1344 in
1570 1295 1927 1348 Conscientia.
2010 1295 2116 1349 Sed

280 1373 482 1442 leyibus
509 1376 762 1427 humanis
789 1373 889 1426 rite
912 1371 1213 1434 constitutiS,
1249 1376 1286 1426 i.
1308 1393 1346 1427 e.
1378 1392 1411 1427 a
1439 1392 1679 1444 suprema
1717 1382 1989 1445 potestate,
2032 1377 2116 1431 vel

277 1454 358 1507 his
387 1456 475 1526 qui
501 1458 567 1509 ab
597 1474 660 1508 ea
686 1456 755 1508 ad
782 1455 837 1508 id
867 1454 1094 1526 delegati
1121 1461 1255 1517 sunt,
1286 1455 1419 1518 latis,
1458 1457 1666 1510 subesse
1694 1463 1932 1510 tenemur
1947 1478 2116 1529 prop·

280 1547 359 1590 ter
401 1541 713 1599 Dominum,
761 1540 792 1589 1
832 1540 948 1590 Pet.
987 1536 1039 1588 ii.
1082 1538 1168 1599 13,
1217 1539 1440 1590 Subditi
1479 1549 1638 1592 estote
1681 1541 1826 1591 omni
1864 1541 2116 1594 humanoe

278 1630 542 1673 creaturae
560 1630 787 1690 propter
813 1621 1111 1671 Dominum
1139 1621 1248 1672 sive
1277 1622 1433 1689 Reyi,
1479 1617 1543 1679 αἷς
1570 1616 1915 1697 ὑπερέχοντι,
1956 1624 2116 1693 (quod

276 1702 402 1755 Satis
447 1702 671 1773 explicat
720 1700 845 1772 quid
893 1701 960 1754 sit
1009 1702 1186 1754 Paulo
1227 1698 1493 1773 ἐξουσίαις
1537 1698 1930 1781 ὑπερεχούσαις
1968 1706 2115 1760 istius

276 1783 456 1855 capitis
498 1803 653 1838 versu
694 1783 898 1855 primo),
938 1786 1048 1838 sive
1082 1786 1361 1855 praefectis
1399 1788 1469 1838 ab
1512 1804 1569 1839 eo
1614 1789 1811 1850 missis,
1854 1799 1945 1842 etc.
1967 1809 1984 1842 .·
2026 1788 2116 1843 ubi

275 1865 403 1920 illud
448 1861 533 1922 διὰ
567 1864 667 1923 τὸν
707 1863 890 1944 κύριον
926 1877 1151 1936 propter
1189 1869 1503 1930 Dominum,
1547 1869 1887 1923 Conscientiae
1922 1871 2114 1944 obliga-

228 1961 251 2001 1
277 1947 468 2002 tionem
509 1950 812 2022 significare,
851 1956 1053 2002 constat
1080 1951 1266 2019 primo
1301 1969 1366 2002 ex
1405 1969 1503 2003 usu
1538 1951 1777 2004 similium
1812 1952 1936 2006 alibi
1978 1954 2115 2007 locu-

277 2030 488 2096 tionum,
535 2040 594 2086 ut
638 2034 784 2102 Eph.
830 2031 897 2085 vi.
945 2033 995 2095 1,
1047 2032 1113 2085 de
1157 2032 1316 2084 officio
1358 2032 1640 2086 liberorum
1684 2053 1812 2106 erga
1854 2043 2112 2105 parentes„

277 2116 487 2177 Liberi,
526 2118 727 2169 obedite
748 2115 1077 2183 parentibus
1112 2116 1303 2167 vestris
1339 2111 1397 2168 ἐν
1426 2116 1603 2191 κυρίῳ,
1640 2119 1700 2169 in
1730 2120 1966 2172 Domino
1983 2139 2004 2181 ;
2043 2120 2115 2173 Et

279 2196 345 2249 de
384 2214 651 2250 servorum
679 2196 839 2249 officio
874 2213 1002 2267 erga
1040 2195 1272 2248 dominos
1306 2199 1439 2250 ibid.
1479 2217 1611 2252 vers.
1646 2197 1697 2262 7,
1743 2217 1857 2253 cum
1892 2200 2115 2255 benevo-

278 2277 437 2332 lentia
466 2273 806 2337 δουλεύοντες
836 2280 915 2350 τῷ
948 2278 1123 2352 κυρίῳ,
1162 2281 1397 2332 Domino
1426 2283 1708 2336 servientes
1737 2293 1786 2335 et
1813 2302 1919 2337 non
1947 2286 2115 2338 homi-

278 2363 452 2424 nibus,
496 2362 634 2432 quod
686 2362 793 2415 Col.
830 2360 901 2414 iii.
949 2362 1035 2427 23,
1080 2368 1160 2414 est
1202 2358 1265 2420 ὠς
1309 2362 1484 2437 κυρίῳ,
1531 2375 1593 2416 ut
1635 2367 1872 2419 Domino
1913 2377 1964 2419 et
2009 2386 2115 2420 non

278 2445 582 2497 hominibus
600 2464 617 2495 .·
660 2442 806 2513 quasi
835 2443 988 2505 dicat,
1023 2454 1251 2515 propter
1291 2446 1684 2511 conscientiam,
1726 2459 1776 2500 et
1803 2467 1909 2501 non
1944 2451 2116 2503 solum

268 2537 497 2597 propter
524 2529 686 2589 iram,
716 2525 795 2579 vel
827 2543 893 2578 ex
921 2525 1105 2578 timore
1132 2525 1234 2578 Dei
1262 2526 1426 2598 magis
1455 2545 1609 2596 quam
1638 2530 1704 2583 ob
1731 2537 1924 2583 metum
1954 2532 2117 2584 homi-

225 2617 256 2659 2
280 2608 373 2662 niS.
464 2609 681 2662 Constat
715 2608 770 2660 id
805 2607 971 2678 ipsum
1007 2611 1234 2662 secundo
1269 2627 1334 2661 ex
1362 2609 1534 2662 verbis
1573 2612 1904 2684 sequentibus
1931 2613 1985 2666 in
2027 2614 2115 2667 illo

279 2690 427 2744 Petri
463 2690 573 2744 loco
610 2709 743 2744 vers.
777 2693 866 2753 15,
906 2687 993 2745 ὅτι
1038 2688 1209 2747 οὕτως
1244 2687 1374 2746 ἐστὶ
1421 2689 1491 2747 τὸ
1529 2689 1742 2760 θέλημα
1783 2699 1939 2760 Θεοῦ,
1981 2700 2116 2768 quia

278 2776 359 2827 sic
387 2784 463 2826 est
490 2775 738 2827 voluntas
769 2775 877 2826 Dei
894 2793 913 2826 .·
954 2773 1031 2826 uti
1055 2773 1246 2826 Paulus
1275 2774 1430 2827 etiam
1452 2774 1562 2845 jam
1590 2775 1799 2830 laudato
1831 2781 1907 2831 ad
1935 2781 2115 2849 Ephe-

278 2857 387 2911 sios
426 2856 593 2927 capite
636 2875 767 2910 vers.
811 2858 861 2919 6,
907 2855 972 2909 de
1009 2874 1277 2910 servorum
1318 2857 1478 2910 officio
1521 2858 1735 2923 locutus,
1780 2860 2021 2915 hortatur
2057 2868 2117 2915 ut

280 3061 388 3109 may
409 3051 470 3096 be
504 3052 640 3103 done,
663 3052 798 3096 there
828 3056 953 3095 must
982 3052 1043 3096 be
1068 3066 1096 3095 a
1120 3053 1231 3096 Law
1255 3057 1305 3097 to
1331 3052 1591 3097 determine
1616 3054 1718 3098 who
1751 3055 1789 3099 is
1813 3059 1863 3099 to
1893 3068 1997 3113 pay,
2022 3056 2116 3100 and

280 3121 386 3165 how
405 3122 559 3174 much,
579 3123 673 3165 and
692 3128 741 3165 at
761 3122 885 3165 what
904 3123 1138 3167 intervals.

377 3192 610 3249 ObJ‘ection.
674 3193 785 3236 This
804 3206 970 3251 proves
990 3194 1071 3237 the
1092 3194 1321 3252 necessity
1342 3194 1395 3238 of
1414 3195 1561 3247 Laws,
1580 3195 1667 3240 but
1691 3200 1775 3240 not
1794 3197 1919 3241 their
1939 3197 2114 3256 obliga-

281 3262 396 3306 tion.

370 3331 573 3376 Answer.
638 3332 738 3376 The
767 3334 997 3390 necessity
1028 3333 1083 3377 of
1106 3335 1238 3380 Laws
1269 3337 1308 3379 is
1340 3339 1425 3379 not
1449 3336 1677 3380 sufficient
1698 3341 1748 3381 to
1770 3339 1969 3383 restrain
1990 3354 2116 3393 men,

281 3403 477 3447 without
498 3418 526 3446 a
544 3403 764 3461 religious
785 3404 1018 3456 sancti0n3
1049 3416 1098 3449 as
1120 3419 1315 3463 appears
1335 3406 1398 3463 by
1418 3405 1500 3450 the
1517 3409 1821 3467 proceedings
1843 3410 1897 3454 of
1911 3410 2118 3456 heathen

281 3476 556 3532 Lawgivers.

375 3549 446 3591 27.
514 3546 658 3589 Third
679 3545 943 3603 Aryztment.
1007 3550 1029 3588 1
1053 3547 1156 3590 Pet.
1182 3547 1229 3592 ii.
1256 3552 1326 3600 13,
1351 3545 1578 3592 “Submit
1604 3552 1868 3607 yourselves
1900 3556 1951 3596 to
1977 3567 2117 3611 every

285 3617 536 3662 ordinance
558 3617 612 3660 of
632 3631 741 3661 man
764 3618 838 3661 for
857 3617 939 3661 the
959 3617 1121 3662 Lord's
1142 3619 1294 3662 sake.''
1354 3618 1497 3663 What
1521 3620 1559 3664 is
1581 3624 1629 3664 to
1655 3622 1715 3666 be
1741 3623 1862 3667 done
1894 3622 1922 3645 ‘⁶
1937 3625 2011 3669 for
2034 3625 2117 3669 the

283 3688 445 3732 Lord's
470 3687 613 3732 sake'’
643 3689 682 3732 is
712 3689 975 3747 obligatory
1009 3702 1070 3733 on
1101 3688 1182 3733 the
1215 3690 1520 3736 Conscience:
1554 3705 1771 3751 compare
1796 3694 1877 3740 the
1901 3709 2116 3755 passages

282 3759 421 3817 given
445 3759 495 3802 in
519 3758 601 3803 the
625 3763 736 3804 text.
