2482 4166
803 263 1185 308 PRAELEOTIO
1229 265 1477 310 TERTIA.
1998 258 2062 310 69

226 394 487 448 Christum
533 403 799 453 tentemus,
852 410 1020 461 neque
1063 411 1458 446 murmuremus
1503 393 1557 445 in
1594 393 1841 456 adversis,
1883 413 2057 464 quem-

220 475 495 528 admodum
534 475 646 527 illos
688 473 868 526 fecisse
910 473 1142 544 legimus

702 563 822 616 iHoc
862 573 1048 630 quidam
1088 587 1179 616 non
1220 573 1353 621 belum
1398 575 1607 631 nunquid
1643 589 1718 632 690
1758 575 1830 619 illi

507 646 777 702 Imprudens
811 644 918 687 olim
938 645 1124 701 faciam
1158 645 1336 687 simile?

354 728 450 780 IX.
545 728 689 779 Dico
745 728 988 788 secunde,
1063 743 1179 795 quae
1236 725 1290 777 in
1348 725 1629 797 Scripturis
1684 727 1822 780 facta
1872 735 2053 798 aperte

222 812 540 871 laudantur,
581 815 738 878 atque
774 808 849 861 ita
885 807 1162 860 laudantur
1191 814 1250 860 ut
1278 808 1426 861 nobis
1456 809 1602 879 quasi
1628 812 1908 863 imitanda
1936 829 2054 880 pro-

217 892 339 961 poni
369 892 657 952 videantur,
703 908 806 942 non
838 908 949 942 esse
978 896 1152 943 tamen
1181 890 1352 943 omnia
1380 909 1501 943 mox
1526 891 1779 962 rapienda
1806 892 1860 944 in
1889 911 2054 946 exem-

208 975 382 1044 plum,
440 973 516 1026 ita
564 979 624 1025 ut
679 979 846 1025 totum
898 979 1245 1044 aggregatum
1302 972 1409 1026 sive
1466 976 1736 1044 inteyram
1791 977 2054 1028 actionem

216 1062 372 1125 prout
400 1056 467 1108 ab
497 1057 786 1124 archetypo
815 1061 965 1127 gesta
994 1062 1087 1117 est,
1112 1054 1258 1108 nobis
1288 1057 1693 1109 commendatam
1720 1057 2051 1110 arbitremur.

220 1138 324 1190 Sed
353 1138 555 1191 delectu
584 1155 711 1207 opus
741 1144 834 1199 est,
868 1143 921 1189 et
950 1143 1130 1199 cauto;
1172 1144 1230 1190 ut
1259 1156 1375 1207 quae
1408 1140 1725 1201 laudantur,
1759 1157 1821 1191 ea
1851 1146 2052 1191 tantum

218 1238 282 1271 ex
311 1227 460 1290 parte
489 1221 777 1281 imitemur,
824 1237 889 1271 ex
937 1237 1039 1288 qua
1081 1221 1396 1272 laudantur.
1489 1220 1646 1290 Cujus
1689 1221 1903 1274 cautelae
1941 1222 2052 1274 haec

216 1302 348 1354 ratio
396 1308 489 1363 est,
536 1301 658 1371 quia
697 1301 827 1353 solet
871 1303 1015 1353 Deus
1053 1300 1329 1364 interdum,
1375 1320 1471 1372 pro
1509 1302 1757 1356 immensa
1786 1322 1881 1356 sua
1908 1303 2051 1355 boni-

215 1390 324 1436 tate
349 1383 406 1435 in
435 1387 643 1437 actione
670 1386 861 1446 mixta,
892 1383 945 1435 id
974 1382 1136 1435 solum
1166 1383 1303 1452 quod
1332 1383 1385 1435 in
1415 1401 1478 1436 ea
1509 1386 1699 1437 bonum
1738 1391 1831 1447 est,
1862 1385 2052 1438 intueri

215 1472 269 1518 ct
318 1466 682 1536 comprobare3
728 1465 782 1517 id
828 1465 967 1534 quod
1023 1467 1276 1518 vitiosum
1322 1472 1415 1527 est,
1476 1466 1623 1535 quasi
1687 1466 2051 1518 dissimulando

213 1547 498 1617 praeterire.
587 1548 664 1599 Ut
709 1546 761 1597 in
805 1546 1068 1615 parabola,
1111 1548 1247 1599 Luc.
1289 1546 1391 1599 xvi.
1435 1550 1485 1609 8,
1533 1549 1822 1600 Laudavit
1858 1551 2050 1601 Domi·

213 1632 315 1681 nus
359 1629 603 1681 villicum
646 1629 980 1697 iniquitati&
1030 1631 1172 1697 quod
1205 1631 1505 1697 prudenter
1551 1632 1754 1698 eyisset,
1814 1630 1910 1682 etsi
1948 1630 2050 1683 fide

211 1729 397 1780 parum
426 1710 645 1782 integra.
736 1712 1024 1762 Imitanda
1056 1728 1182 1782 ergo
1219 1711 1365 1763 nobis
1394 1712 1702 1781 proponitur
1732 1712 1887 1766 villici
1915 1712 2049 1765 illius

202 1795 520 1863 prudentia,
551 1811 654 1845 non
686 1793 979 1860 injustitia.
1052 1794 1123 1845 Et
1151 1792 1205 1844 in
1242 1786 1616 1847 kobstetricum
1646 1797 2049 1865 AEyyptiarum

210 1875 420 1929 laudato
467 1875 723 1946 exemplo,
760 1893 939 1926 recens
985 1874 1151 1927 editos
1189 1877 1570 1929 Israelitidum
1611 1885 1792 1947 partus
1838 1896 2049 1930 servan-

209 1957 354 2020 tium,
398 1957 631 2029 regiique
682 1957 911 2010 mandati
969 1964 1318 2028 contemptum
1363 1958 1629 2011 mendacio
1677 1959 2046 2022 excusantium,

209 2059 312 2093 non
335 2048 454 2092 sunt
477 2040 851 2102 confundenda,
876 2058 990 2092 cum
1013 2042 1353 2093 humanitate
1379 2048 1431 2092 et
1449 2043 1661 2109 pietate
1689 2044 2046 2110 mendacium,

208 2124 301 2175 sed
340 2130 489 2175 caute
531 2122 853 2193 separanda:
899 2139 1116 2190 quorum
1155 2123 1251 2174 hoc
1292 2122 1345 2173 in
1385 2122 1507 2175 vitio
1549 2123 1661 2185 fuit,
1702 2142 1795 2176 nec
1825 2127 2047 2177 imitan-

209 2208 375 2265 dum3
425 2204 525 2257 illis
581 2204 701 2257 solis
749 2204 872 2256 data
925 2205 1047 2257 laus
1090 2210 1169 2256 est
1213 2222 1246 2256 a
1285 2205 1416 2267 De0‚
1477 2211 1531 2257 et
1586 2223 1619 2258 a
1674 2205 1821 2260 nobis
1871 2207 2047 2261 debita

208 2289 467 2344 imitatio,

330 2370 398 2421 X.
464 2371 607 2422 Dico
639 2371 810 2431 tertie,
839 2368 893 2421 in
924 2369 1203 2440 Scripturis
1230 2370 1433 2423 laudari
1462 2371 1617 2424 etiam
1647 2383 1802 2426 actus
1828 2375 2046 2427 heroum

209 2454 694 2513 extraordinario&
743 2469 870 2520 quos
906 2450 979 2504 illi
1011 2452 1256 2522 peculiari
1286 2460 1430 2505 motu
1473 2461 1526 2507 et
1568 2454 1745 2507 afflatu
1795 2458 2045 2525 Spiritus

212 2535 406 2587 Sancti
434 2534 656 2596 excitati,
688 2533 835 2603 quasi
862 2552 925 2586 ex
944 2536 1225 2603 peculiari
1247 2537 1509 2589 mandato
1532 2536 1823 2599 ediderunt,
1839 2548 2044 2607 praeter

209 2618 370 2684 leyem
416 2635 737 2669 communem
757 2636 774 2668 :
826 2615 913 2685 qui
961 2623 1134 2669 tamen
1186 2635 1289 2670 non
1329 2625 1449 2670 sunt
1495 2620 1562 2671 ab
1609 2618 1723 2671 aliis
1761 2622 2040 2673 imitandi.

206 2697 333 2768 Ejus
371 2699 577 2770 generis
606 2707 721 2752 erat
749 2698 949 2751 celebre
979 2698 1104 2751 illud
1143 2699 1336 2752 factum
1372 2701 1679 2763 Phineheei,
1725 2719 1826 2771 quo
1865 2720 1898 2755 a
1927 2703 2040 2755 Deo

352 2882 364 2908 i
389 2882 531 2919 Horat.
549 2882 643 2919 ibid.
667 2881 721 2931 [v.
741 2882 825 2929 136,
844 2883 948 2931 seq.]
1187 2882 1206 2909 k
1236 2883 1477 2932 [Augustin.
1497 2896 1530 2921 c.
1552 2884 1734 2922 Mendac.
1754 2896 1787 2921 e.
1806 2882 1892 2932 xv.]

298 2993 339 3032 9.
402 2989 497 3031 But
518 2988 762 3045 secondly:
795 2988 876 3032 the
897 2989 1074 3032 actions
1100 2988 1247 3032 which
1276 3002 1355 3032 are
1376 2988 1563 3046 praised
1590 2988 1638 3030 in
1674 2987 1914 3044 Scripture
1948 2989 2042 3031 and

203 3060 438 3116 proposed
471 3059 546 3102 for
584 3059 830 3111 imitation,
868 3073 948 3103 are
991 3064 1075 3103 not
1120 3060 1400 3117 necessarily
1435 3065 1484 3103 to
1523 3060 1583 3103 be
1619 3058 1834 3102 imitated
1873 3058 1923 3100 in
1957 3058 2040 3102 the

203 3134 477 3185 aggregate:
511 3142 579 3171 we
600 3134 725 3173 must
746 3130 1035 3187 distinguish,
1056 3131 1150 3173 and
1174 3131 1354 3174 imitate
1375 3130 1505 3174 them
1530 3130 1642 3187 only
1666 3143 1715 3173 as
1740 3133 1789 3172 to
1810 3127 1914 3171 that
1934 3134 2041 3185 part

203 3199 354 3242 which
378 3200 416 3242 is
447 3198 645 3255 praised.
708 3200 803 3242 For
839 3201 945 3244 God
973 3202 1237 3245 sometimes
1262 3203 1312 3244 in
1344 3201 1593 3258 regarding
1625 3214 1654 3242 a
1687 3199 1843 3241 mixed
1870 3199 2041 3251 action,

204 3270 379 3326 praises
411 3268 493 3312 the
525 3268 648 3325 good
677 3274 797 3326 part,
834 3271 928 3313 and
952 3284 1108 3327 passes
1141 3285 1252 3315 over
1277 3271 1359 3315 the
1393 3271 1500 3314 bad.
1567 3270 1631 3313 As
1672 3270 1805 3312 when
1843 3270 1909 3312 the
1940 3270 2042 3313 Zorct

198 3341 384 3397 praised
403 3341 470 3383 the
489 3341 641 3397 unjust
664 3341 868 3392 steward,
898 3341 1031 3384 Luke
1052 3343 1139 3384 xvi.
1168 3347 1195 3385 8
1221 3341 1428 3399 (namely
1451 3341 1523 3384 his
1544 3340 1661 3391 lord,
1687 3344 1770 3383 not
1803 3338 1885 3383 the
1911 3340 2040 3384 Lord

206 3406 349 3462 God),
391 3410 462 3454 his
502 3410 740 3467 prudence
784 3410 823 3453 is
863 3411 1061 3467 praised,
1095 3417 1179 3455 not
1221 3412 1293 3455 his
1331 3412 1559 3467 injustice.
1633 3410 1736 3453 And
1780 3410 1915 3455 when
1958 3412 2039 3456 the

201 3482 435 3539 Egyptian
466 3481 699 3525 midwives
733 3479 899 3535 (Exod.
916 3482 947 3525 i.
975 3479 1051 3535 19)
1076 3495 1191 3538 gave
1212 3496 1240 3524 a
1263 3481 1381 3524 false
1401 3485 1599 3524 account
1624 3485 1673 3524 to
1694 3481 1776 3525 the
1799 3481 1925 3539 king,
1946 3484 2039 3527 and

207 3553 311 3596 God
328 3554 446 3596 dealt
469 3553 567 3596 well
590 3552 696 3595 with
728 3553 854 3603 them,
886 3552 924 3595 it
958 3565 1048 3596 was
1074 3552 1196 3595 their
1225 3552 1469 3610 humanity
1495 3552 1588 3595 and
1621 3553 1750 3610 pIety
1777 3552 1927 3597 which
1946 3568 2038 3599 was

202 3624 484 3681 acceptable,
504 3628 588 3667 not
607 3623 732 3667 their
749 3622 1006 3667 falsehood.

296 3699 366 3739 10.
426 3695 533 3738 And
557 3694 756 3752 thirdly:
798 3708 925 3738 some
957 3694 1135 3738 actions
1165 3695 1350 3751 praised
1371 3695 1419 3737 in
1448 3695 1687 3752 Scripture
1720 3708 1799 3739 are
1833 3699 2037 3741 extraor-

205 3764 370 3822 dinary
389 3765 481 3809 and
501 3765 706 3809 heroical
732 3766 923 3818 actions,
955 3765 1224 3823 performed
1245 3766 1395 3810 under
1416 3766 1496 3810 the
1521 3766 1720 3823 impulso
1742 3766 1795 3810 of
1811 3766 1891 3810 the
1912 3768 2038 3827 Holy
