<?xml version="1.0" encoding="UTF-8"?>
<!DOCTYPE html PUBLIC "-//W3C//DTD XHTML 1.0 Transitional//EN"
    "http://www.w3.org/TR/xhtml1/DTD/xhtml1-transitional.dtd">
<html xmlns="http://www.w3.org/1999/xhtml" xml:lang="en" lang="en">
 <head>
  <title>
</title>
<meta http-equiv="Content-Type" content="text/html;charset=utf-8" />
  <meta name='ocr-system' content='tesseract 3.04.00' />
  <meta name='ocr-capabilities' content='ocr_page ocr_carea ocr_par ocr_line ocrx_word'/>
</head>
<body>
  <div class='ocr_page' id='page_1' title='image "./deobligationecon00sanduoft_0320.png"; bbox 0 0 2482 4166; ppageno 0'>
   <div class='ocr_carea' id='block_1_1' title="bbox 424 283 1847 338">
    <p class='ocr_par' dir='ltr' id='par_1_1' title="bbox 424 283 1847 338">
     <span class='ocr_line' id='line_1_1' title="bbox 424 283 1847 338; baseline 0.002 -4"><span class='ocrx_word' id='word_1_1' title='bbox 424 283 530 337; x_wconf 84' lang='grc'>296</span> <span class='ocrx_word' id='word_1_2' title='bbox 838 292 1036 338; x_wconf 81' lang='lat' dir='ltr'>SALUS</span> <span class='ocrx_word' id='word_1_3' title='bbox 1078 292 1318 338; x_wconf 91' lang='lat' dir='ltr'>POPULI</span> <span class='ocrx_word' id='word_1_4' title='bbox 1360 292 1664 338; x_wconf 83' lang='lat' dir='ltr'>SUPREMA</span> <span class='ocrx_word' id='word_1_5' title='bbox 1703 294 1847 337; x_wconf 88' lang='lat' dir='ltr'>LEX.</span> 
     </span>
    </p>
   </div>
   <div class='ocr_carea' id='block_1_2' title="bbox 414 417 2263 2714">
    <p class='ocr_par' dir='ltr' id='par_1_2' title="bbox 414 417 2263 2452">
     <span class='ocr_line' id='line_1_2' title="bbox 425 417 2261 496; baseline 0.001 -23"><span class='ocrx_word' id='word_1_6' title='bbox 425 420 564 492; x_wconf 89' lang='lat' dir='ltr'>piam</span> <span class='ocrx_word' id='word_1_7' title='bbox 610 423 967 475; x_wconf 75' lang='lat' dir='ltr'>rhetoricator</span> <span class='ocrx_word' id='word_1_8' title='bbox 1006 417 1354 496; x_wconf 55' lang='grc' dir='ltr'>ἓημάνγωνγος,</span> <span class='ocrx_word' id='word_1_9' title='bbox 1389 424 1714 494; x_wconf 77' lang='lat' dir='ltr'>principem,</span> <span class='ocrx_word' id='word_1_10' title='bbox 1749 440 2015 493; x_wconf 76' lang='lat' dir='ltr'><strong><em>proceres,</em></strong></span> <span class='ocrx_word' id='word_1_11' title='bbox 2060 425 2261 492; x_wconf 70' lang='lat' dir='ltr'>mayis-</span> 
     </span>
     <span class='ocr_line' id='line_1_3' title="bbox 428 504 2258 574; baseline 0.001 -19"><span class='ocrx_word' id='word_1_12' title='bbox 428 515 621 567; x_wconf 74' lang='lat' dir='ltr'>tracus,</span> <span class='ocrx_word' id='word_1_13' title='bbox 641 505 870 573; x_wconf 78' lang='lat' dir='ltr'>judices,</span> <span class='ocrx_word' id='word_1_14' title='bbox 902 523 1147 558; x_wconf 89' lang='lat' dir='ltr'>eorumve</span> <span class='ocrx_word' id='word_1_15' title='bbox 1175 505 1451 567; x_wconf 79' lang='lat' dir='ltr'>ministrOS,</span> <span class='ocrx_word' id='word_1_16' title='bbox 1481 512 1572 558; x_wconf 89' lang='lat' dir='ltr'>aut</span> <span class='ocrx_word' id='word_1_17' title='bbox 1601 524 1778 558; x_wconf 90' lang='lat' dir='ltr'>eorum</span> <span class='ocrx_word' id='word_1_18' title='bbox 1808 505 1987 559; x_wconf 87' lang='lat' dir='ltr'>saltem</span> <span class='ocrx_word' id='word_1_19' title='bbox 2020 504 2258 574; x_wconf 85' lang='lat' dir='ltr'>aliquem,</span> 
     </span>
     <span class='ocr_line' id='line_1_4' title="bbox 426 585 2259 659; baseline 0 -20"><span class='ocrx_word' id='word_1_20' title='bbox 426 585 602 640; x_wconf 89' lang='lat' dir='ltr'>violati</span> <span class='ocrx_word' id='word_1_21' title='bbox 619 588 783 656; x_wconf 74' lang='lat' dir='ltr'>jurz‘S,</span> <span class='ocrx_word' id='word_1_22' title='bbox 816 586 973 640; x_wconf 83' lang='lat' dir='ltr'>illatae</span> <span class='ocrx_word' id='word_1_23' title='bbox 1010 589 1244 656; x_wconf 65' lang='lat' dir='ltr'>injuriae,</span> <span class='ocrx_word' id='word_1_24' title='bbox 1275 594 1367 641; x_wconf 88' lang='lat' dir='ltr'>aut</span> <span class='ocrx_word' id='word_1_25' title='bbox 1408 587 1631 659; x_wconf 81' lang='lat' dir='ltr'>neglecti</span> <span class='ocrx_word' id='word_1_26' title='bbox 1671 587 2053 657; x_wconf 89' lang='lat' dir='ltr'>quomodolibet</span> <span class='ocrx_word' id='word_1_27' title='bbox 2085 589 2259 657; x_wconf 80' lang='lat' dir='ltr'>officii,</span> 
     </span>
     <span class='ocr_line' id='line_1_5' title="bbox 425 668 2261 740; baseline 0.001 -19"><span class='ocrx_word' id='word_1_28' title='bbox 425 686 521 739; x_wconf 88' lang='lat' dir='ltr'>per</span> <span class='ocrx_word' id='word_1_29' title='bbox 565 668 869 722; x_wconf 89' lang='lat' dir='ltr'>calumniam</span> <span class='ocrx_word' id='word_1_30' title='bbox 916 669 1021 737; x_wconf 90' lang='lat' dir='ltr'>(vel</span> <span class='ocrx_word' id='word_1_31' title='bbox 1074 670 1228 723; x_wconf 89' lang='lat' dir='ltr'>etiam</span> <span class='ocrx_word' id='word_1_32' title='bbox 1278 669 1322 722; x_wconf 88' lang='lat' dir='ltr'>si</span> <span class='ocrx_word' id='word_1_33' title='bbox 1364 669 1499 722; x_wconf 89' lang='lat' dir='ltr'>forte</span> <span class='ocrx_word' id='word_1_34' title='bbox 1542 669 1663 739; x_wconf 89' lang='lat' dir='ltr'>jure</span> <span class='ocrx_word' id='word_1_35' title='bbox 1709 669 1915 738; x_wconf 86' lang='lat' dir='ltr'>merito)</span> <span class='ocrx_word' id='word_1_36' title='bbox 1959 687 2075 722; x_wconf 88' lang='lat' dir='ltr'>reos</span> <span class='ocrx_word' id='word_1_37' title='bbox 2120 668 2261 740; x_wconf 89' lang='lat' dir='ltr'>apud</span> 
     </span>
     <span class='ocr_line' id='line_1_6' title="bbox 425 750 2259 823; baseline 0.001 -21"><span class='ocrx_word' id='word_1_38' title='bbox 425 751 630 822; x_wconf 87' lang='lat' dir='ltr'>plebem</span> <span class='ocrx_word' id='word_1_39' title='bbox 666 771 773 821; x_wconf 79' lang='lat' dir='ltr'>pro</span> <span class='ocrx_word' id='word_1_40' title='bbox 816 754 1062 805; x_wconf 75' lang='lat' dir='ltr'>concione</span> <span class='ocrx_word' id='word_1_41' title='bbox 1107 750 1385 823; x_wconf 76' lang='lat' dir='ltr'>peregerit.</span> <span class='ocrx_word' id='word_1_42' title='bbox 1465 752 1702 803; x_wconf 85' lang='lat' dir='ltr'>Fuerunt</span> <span class='ocrx_word' id='word_1_43' title='bbox 1747 757 2001 820; x_wconf 87' lang='lat' dir='ltr'>eruntque</span> <span class='ocrx_word' id='word_1_44' title='bbox 2039 769 2259 821; x_wconf 89' lang='lat' dir='ltr'>semper,</span> 
     </span>
     <span class='ocr_line' id='line_1_7' title="bbox 425 831 2262 905; baseline -0.001 -19"><span class='ocrx_word' id='word_1_45' title='bbox 425 834 520 886; x_wconf 89' lang='lat' dir='ltr'>sub</span> <span class='ocrx_word' id='word_1_46' title='bbox 551 833 753 905; x_wconf 89' lang='lat' dir='ltr'>optimis</span> <span class='ocrx_word' id='word_1_47' title='bbox 783 835 1020 902; x_wconf 69' lang='lat' dir='ltr'>Reyibus</span> <span class='ocrx_word' id='word_1_48' title='bbox 1040 839 1093 886; x_wconf 88' lang='lat' dir='ltr'>et</span> <span class='ocrx_word' id='word_1_49' title='bbox 1120 833 1173 885; x_wconf 88' lang='lat' dir='ltr'>in</span> <span class='ocrx_word' id='word_1_50' title='bbox 1203 832 1393 903; x_wconf 87' lang='lat' dir='ltr'>optime</span> <span class='ocrx_word' id='word_1_51' title='bbox 1423 831 1709 885; x_wconf 88' lang='lat' dir='ltr'>constitutis</span> <span class='ocrx_word' id='word_1_52' title='bbox 1738 834 2164 902; x_wconf 75' lang='lat' dir='ltr'>Rebuspublicis,</span> <span class='ocrx_word' id='word_1_53' title='bbox 2197 850 2262 885; x_wconf 87' lang='lat' dir='ltr'>ex</span> 
     </span>
     <span class='ocr_line' id='line_1_8' title="bbox 425 914 2262 986; baseline -0.001 -18"><span class='ocrx_word' id='word_1_54' title='bbox 425 916 590 969; x_wconf 90' lang='lat' dir='ltr'>abusu</span> <span class='ocrx_word' id='word_1_55' title='bbox 618 915 888 986; x_wconf 87' lang='lat' dir='ltr'>potestatis</span> <span class='ocrx_word' id='word_1_56' title='bbox 929 915 1222 968; x_wconf 89' lang='lat' dir='ltr'>tenuiorum</span> <span class='ocrx_word' id='word_1_57' title='bbox 1251 914 1439 967; x_wconf 90' lang='lat' dir='ltr'>civium</span> <span class='ocrx_word' id='word_1_58' title='bbox 1472 916 1850 985; x_wconf 53' lang='lat' dir='ltr'>oppressione&amp;</span> <span class='ocrx_word' id='word_1_59' title='bbox 1895 914 2098 984; x_wconf 88' lang='lat' dir='ltr'>aliaque</span> <span class='ocrx_word' id='word_1_60' title='bbox 2132 933 2262 983; x_wconf 74' lang='lat' dir='ltr'>yra-</span> 
     </span>
     <span class='ocr_line' id='line_1_9' title="bbox 426 996 2263 1069; baseline 0 -19"><span class='ocrx_word' id='word_1_61' title='bbox 426 1000 652 1050; x_wconf 76' lang='lat' dir='ltr'>vamina</span> <span class='ocrx_word' id='word_1_62' title='bbox 681 1016 785 1050; x_wconf 91' lang='lat' dir='ltr'>non</span> <span class='ocrx_word' id='word_1_63' title='bbox 807 1015 972 1067; x_wconf 88' lang='lat' dir='ltr'>pauca</span> <span class='ocrx_word' id='word_1_64' title='bbox 997 1017 1008 1048; x_wconf 90' lang='lat'>:</span> <span class='ocrx_word' id='word_1_65' title='bbox 1057 997 1242 1067; x_wconf 89' lang='lat' dir='ltr'>quibus</span> <span class='ocrx_word' id='word_1_66' title='bbox 1269 996 1324 1049; x_wconf 90' lang='lat' dir='ltr'>in</span> <span class='ocrx_word' id='word_1_67' title='bbox 1349 996 1612 1069; x_wconf 90' lang='lat' dir='ltr'>integrum</span> <span class='ocrx_word' id='word_1_68' title='bbox 1634 1003 1725 1049; x_wconf 89' lang='lat' dir='ltr'>aut</span> <span class='ocrx_word' id='word_1_69' title='bbox 1761 996 2137 1067; x_wconf 86' lang='lat' dir='ltr'>praevertendis</span> <span class='ocrx_word' id='word_1_70' title='bbox 2171 1004 2263 1050; x_wconf 85' lang='lat' dir='ltr'>aut</span> 
     </span>
     <span class='ocr_line' id='line_1_10' title="bbox 424 1078 2261 1149; baseline 0.001 -19"><span class='ocrx_word' id='word_1_71' title='bbox 424 1079 706 1141; x_wconf 88' lang='lat' dir='ltr'>medendis,</span> <span class='ocrx_word' id='word_1_72' title='bbox 752 1078 894 1131; x_wconf 89' lang='lat' dir='ltr'>nulla</span> <span class='ocrx_word' id='word_1_73' title='bbox 939 1082 1236 1149; x_wconf 70' lang='lat' dir='ltr'>reyentium</span> <span class='ocrx_word' id='word_1_74' title='bbox 1280 1097 1404 1132; x_wconf 84' lang='lat' dir='ltr'>cura</span> <span class='ocrx_word' id='word_1_75' title='bbox 1450 1087 1504 1133; x_wconf 88' lang='lat' dir='ltr'>et</span> <span class='ocrx_word' id='word_1_76' title='bbox 1540 1079 1809 1141; x_wconf 90' lang='lat' dir='ltr'>industria,</span> <span class='ocrx_word' id='word_1_77' title='bbox 1848 1079 1989 1132; x_wconf 90' lang='lat' dir='ltr'>nulla</span> <span class='ocrx_word' id='word_1_78' title='bbox 2032 1079 2261 1132; x_wconf 88' lang='lat' dir='ltr'>sufficere</span> 
     </span>
     <span class='ocr_line' id='line_1_11' title="bbox 427 1160 2262 1233; baseline 0.001 -20"><span class='ocrx_word' id='word_1_79' title='bbox 427 1168 584 1230; x_wconf 86' lang='lat' dir='ltr'>queat</span> <span class='ocrx_word' id='word_1_80' title='bbox 630 1163 801 1230; x_wconf 67' lang='lat' dir='ltr'>Zeyum</span> <span class='ocrx_word' id='word_1_81' title='bbox 836 1161 1099 1215; x_wconf 79' lang='lat' dir='ltr'>severitas,</span> <span class='ocrx_word' id='word_1_82' title='bbox 1190 1161 1364 1233; x_wconf 90' lang='lat' dir='ltr'>Hujus</span> <span class='ocrx_word' id='word_1_83' title='bbox 1407 1160 1614 1233; x_wconf 87' lang='lat' dir='ltr'>generis</span> <span class='ocrx_word' id='word_1_84' title='bbox 1657 1161 1700 1214; x_wconf 91' lang='lat' dir='ltr'>si</span> <span class='ocrx_word' id='word_1_85' title='bbox 1744 1161 1944 1232; x_wconf 88' lang='lat' dir='ltr'>quoties</span> <span class='ocrx_word' id='word_1_86' title='bbox 1979 1180 2137 1213; x_wconf 91' lang='lat' dir='ltr'>unum</span> <span class='ocrx_word' id='word_1_87' title='bbox 2171 1168 2262 1215; x_wconf 87' lang='lat' dir='ltr'>aut</span> 
     </span>
     <span class='ocr_line' id='line_1_12' title="bbox 424 1242 2259 1313; baseline 0.001 -18"><span class='ocrx_word' id='word_1_88' title='bbox 424 1243 648 1296; x_wconf 88' lang='lat' dir='ltr'>alterum</span> <span class='ocrx_word' id='word_1_89' title='bbox 677 1243 969 1313; x_wconf 84' lang='lat' dir='ltr'>exemplum</span> <span class='ocrx_word' id='word_1_90' title='bbox 999 1244 1283 1307; x_wconf 77' lang='lat' dir='ltr'>emerserit,</span> <span class='ocrx_word' id='word_1_91' title='bbox 1314 1244 1488 1297; x_wconf 81' lang='lat' dir='ltr'>licebit</span> <span class='ocrx_word' id='word_1_92' title='bbox 1516 1243 1779 1296; x_wconf 82' lang='lat' dir='ltr'>confestim</span> <span class='ocrx_word' id='word_1_93' title='bbox 1805 1242 2029 1296; x_wconf 80' lang='lat' dir='ltr'>factiosis</span> <span class='ocrx_word' id='word_1_94' title='bbox 2053 1243 2259 1306; x_wconf 77' lang='lat' dir='ltr'>civibUS,</span> 
     </span>
     <span class='ocr_line' id='line_1_13' title="bbox 425 1324 2263 1397; baseline 0.001 -19"><span class='ocrx_word' id='word_1_95' title='bbox 425 1326 642 1378; x_wconf 85' lang='lat' dir='ltr'>obtentu</span> <span class='ocrx_word' id='word_1_96' title='bbox 670 1327 868 1379; x_wconf 76' lang='lat' dir='ltr'>salutis</span> <span class='ocrx_word' id='word_1_97' title='bbox 887 1328 1139 1395; x_wconf 63' lang='lat' dir='ltr'>publicae,</span> <span class='ocrx_word' id='word_1_98' title='bbox 1170 1326 1370 1397; x_wconf 91' lang='lat' dir='ltr'>legibus</span> <span class='ocrx_word' id='word_1_99' title='bbox 1393 1333 1445 1378; x_wconf 91' lang='lat' dir='ltr'>et</span> <span class='ocrx_word' id='word_1_100' title='bbox 1466 1326 1586 1396; x_wconf 88' lang='lat' dir='ltr'>jure</span> <span class='ocrx_word' id='word_1_101' title='bbox 1608 1324 1927 1394; x_wconf 78' lang='lat' dir='ltr'>contemptiS,</span> <span class='ocrx_word' id='word_1_102' title='bbox 1946 1328 2004 1378; x_wconf 81' lang='lat' dir='ltr'>vi</span> <span class='ocrx_word' id='word_1_103' title='bbox 2024 1336 2072 1379; x_wconf 75' lang='lat' dir='ltr'>et</span> <span class='ocrx_word' id='word_1_104' title='bbox 2091 1328 2263 1380; x_wconf 79' lang='lat' dir='ltr'>armis</span> 
     </span>
     <span class='ocr_line' id='line_1_14' title="bbox 425 1407 2262 1480; baseline 0 -20"><span class='ocrx_word' id='word_1_105' title='bbox 425 1426 536 1460; x_wconf 90' lang='lat' dir='ltr'>rem</span> <span class='ocrx_word' id='word_1_106' title='bbox 573 1426 759 1480; x_wconf 78' lang='lat' dir='ltr'>gerere</span> <span class='ocrx_word' id='word_1_107' title='bbox 798 1426 893 1478; x_wconf 93' lang='lat' dir='ltr'>pro</span> <span class='ocrx_word' id='word_1_108' title='bbox 935 1407 1102 1460; x_wconf 90' lang='lat' dir='ltr'>lubitu</span> <span class='ocrx_word' id='word_1_109' title='bbox 1147 1427 1272 1461; x_wconf 90' lang='lat' dir='ltr'>suo:</span> <span class='ocrx_word' id='word_1_110' title='bbox 1315 1426 1348 1460; x_wconf 89' lang='lat' dir='ltr'>a</span> <span class='ocrx_word' id='word_1_111' title='bbox 1384 1407 1553 1461; x_wconf 89' lang='lat' dir='ltr'>turbis</span> <span class='ocrx_word' id='word_1_112' title='bbox 1590 1415 1643 1460; x_wconf 92' lang='lat' dir='ltr'>et</span> <span class='ocrx_word' id='word_1_113' title='bbox 1668 1407 1970 1461; x_wconf 90' lang='lat' dir='ltr'>tumultibus</span> <span class='ocrx_word' id='word_1_114' title='bbox 2000 1426 2262 1478; x_wconf 89' lang='lat' dir='ltr'>nunquam</span> 
     </span>
     <span class='ocr_line' id='line_1_15' title="bbox 424 1490 2263 1562; baseline 0.001 -20"><span class='ocrx_word' id='word_1_115' title='bbox 424 1497 540 1543; x_wconf 90' lang='lat' dir='ltr'>tuta</span> <span class='ocrx_word' id='word_1_116' title='bbox 568 1497 659 1543; x_wconf 88' lang='lat' dir='ltr'>aut</span> <span class='ocrx_word' id='word_1_117' title='bbox 688 1490 864 1559; x_wconf 89' lang='lat' dir='ltr'>quieta</span> <span class='ocrx_word' id='word_1_118' title='bbox 893 1497 1046 1543; x_wconf 89' lang='lat' dir='ltr'>erunt</span> <span class='ocrx_word' id='word_1_119' title='bbox 1073 1508 1239 1562; x_wconf 86' lang='lat' dir='ltr'>regna</span> <span class='ocrx_word' id='word_1_120' title='bbox 1267 1496 1321 1543; x_wconf 89' lang='lat' dir='ltr'>et</span> <span class='ocrx_word' id='word_1_121' title='bbox 1340 1490 1680 1561; x_wconf 86' lang='lat' dir='ltr'>Respublicae.</span> <span class='ocrx_word' id='word_1_122' title='bbox 1770 1490 1991 1543; x_wconf 90' lang='lat' dir='ltr'>Omnino</span> <span class='ocrx_word' id='word_1_123' title='bbox 2020 1490 2263 1560; x_wconf 74' lang='lat' dir='ltr'>praedixit</span> 
     </span>
     <span class='ocr_line' id='line_1_16' title="bbox 433 1566 2260 1638; baseline 0 -12"><span class='ocrx_word' id='word_1_124' title='bbox 433 1574 685 1626; x_wconf 72' lang='lat' dir='ltr'>Christus</span> <span class='ocrx_word' id='word_1_125' title='bbox 708 1566 1057 1628; x_wconf 61' lang='lat' dir='ltr'>coive&#39;vdenrov</span> <span class='ocrx_word' id='word_1_126' title='bbox 1073 1575 1205 1628; x_wconf 74' lang='grc' dir='ltr'>εἶναι</span> <span class='ocrx_word' id='word_1_127' title='bbox 1226 1570 1301 1638; x_wconf 72' lang='grc' dir='ltr'>μή</span> <span class='ocrx_word' id='word_1_128' title='bbox 1322 1569 1506 1628; x_wconf 72' lang='grc' dir='ltr'>ἐλθεῖν</span> <span class='ocrx_word' id='word_1_129' title='bbox 1525 1571 1599 1627; x_wconf 75' lang='grc' dir='ltr'>τά</span> <span class='ocrx_word' id='word_1_130' title='bbox 1618 1566 1926 1628; x_wconf 74' lang='grc' dir='ltr'>σκάνδαλαε</span> <span class='ocrx_word' id='word_1_131' title='bbox 1958 1579 2012 1626; x_wconf 80' lang='lat' dir='ltr'>et</span> <span class='ocrx_word' id='word_1_132' title='bbox 2030 1567 2260 1626; x_wconf 73' lang='lat' dir='ltr'>dmzmdo</span> 
     </span>
     <span class='ocr_line' id='line_1_17' title="bbox 425 1655 2261 1725; baseline 0.002 -19"><span class='ocrx_word' id='word_1_133' title='bbox 425 1656 577 1708; x_wconf 73' lang='lat' dir='ltr'>nobis</span> <span class='ocrx_word' id='word_1_134' title='bbox 606 1657 902 1708; x_wconf 74' lang='lat' dir='ltr'>eoeeundum</span> <span class='ocrx_word' id='word_1_135' title='bbox 931 1673 1041 1706; x_wconf 87' lang='lat' dir='ltr'>esse</span> <span class='ocrx_word' id='word_1_136' title='bbox 1071 1655 1267 1708; x_wconf 90' lang='lat' dir='ltr'>monuit</span> <span class='ocrx_word' id='word_1_137' title='bbox 1296 1657 1621 1725; x_wconf 73' lang='lat' dir='ltr'>Apostolu3;</span> <span class='ocrx_word' id='word_1_138' title='bbox 1653 1655 1735 1708; x_wconf 89' lang='lat' dir='ltr'>vel</span> <span class='ocrx_word' id='word_1_139' title='bbox 1764 1655 2095 1725; x_wconf 74' lang='lat' dir='ltr'>quaerendam</span> <span class='ocrx_word' id='word_1_140' title='bbox 2136 1658 2261 1710; x_wconf 76' lang='lat' dir='ltr'>Uto-</span> 
     </span>
     <span class='ocr_line' id='line_1_18' title="bbox 414 1736 2259 1807; baseline 0.001 -18"><span class='ocrx_word' id='word_1_141' title='bbox 414 1739 578 1807; x_wconf 75' lang='lat' dir='ltr'>piam</span> <span class='ocrx_word' id='word_1_142' title='bbox 613 1736 853 1807; x_wconf 83' lang='lat' dir='ltr'>aliquam,</span> <span class='ocrx_word' id='word_1_143' title='bbox 894 1745 986 1789; x_wconf 85' lang='lat' dir='ltr'>aut</span> <span class='ocrx_word' id='word_1_144' title='bbox 1030 1739 1440 1806; x_wconf 75' lang='lat' dir='ltr'>Rempublicam</span> <span class='ocrx_word' id='word_1_145' title='bbox 1477 1739 1752 1798; x_wconf 72' lang='lat' dir='ltr'>Platonis,</span> <span class='ocrx_word' id='word_1_146' title='bbox 1793 1755 1908 1806; x_wconf 87' lang='lat' dir='ltr'>quae</span> <span class='ocrx_word' id='word_1_147' title='bbox 1953 1756 2045 1790; x_wconf 89' lang='lat' dir='ltr'>nos</span> <span class='ocrx_word' id='word_1_148' title='bbox 2090 1738 2259 1791; x_wconf 88' lang='lat' dir='ltr'>salvos</span> 
     </span>
     <span class='ocr_line' id='line_1_19' title="bbox 424 1819 2260 1889; baseline 0.001 -19"><span class='ocrx_word' id='word_1_149' title='bbox 424 1826 672 1889; x_wconf 85' lang='lat' dir='ltr'>praestet3</span> <span class='ocrx_word' id='word_1_150' title='bbox 719 1819 763 1872; x_wconf 91' lang='lat' dir='ltr'>si</span> <span class='ocrx_word' id='word_1_151' title='bbox 809 1820 1038 1872; x_wconf 75' lang='lat' dir='ltr'>salutem</span> <span class='ocrx_word' id='word_1_152' title='bbox 1064 1822 1262 1889; x_wconf 73' lang='lat' dir='ltr'>populi</span> <span class='ocrx_word' id='word_1_153' title='bbox 1298 1819 1369 1871; x_wconf 87' lang='lat' dir='ltr'>sic</span> <span class='ocrx_word' id='word_1_154' title='bbox 1410 1819 1745 1889; x_wconf 88' lang='lat' dir='ltr'>interpretari</span> <span class='ocrx_word' id='word_1_155' title='bbox 1787 1819 2016 1883; x_wconf 79' lang='lat' dir='ltr'>velimUS,</span> <span class='ocrx_word' id='word_1_156' title='bbox 2066 1827 2125 1873; x_wconf 91' lang='lat' dir='ltr'>ut</span> <span class='ocrx_word' id='word_1_157' title='bbox 2162 1819 2260 1872; x_wconf 90' lang='lat' dir='ltr'>nisi</span> 
     </span>
     <span class='ocr_line' id='line_1_20' title="bbox 424 1900 2257 1972; baseline 0.001 -20"><span class='ocrx_word' id='word_1_158' title='bbox 424 1900 585 1953; x_wconf 89' lang='lat' dir='ltr'>infimi</span> <span class='ocrx_word' id='word_1_159' title='bbox 625 1900 815 1970; x_wconf 83' lang='lat' dir='ltr'>quique</span> <span class='ocrx_word' id='word_1_160' title='bbox 845 1901 981 1953; x_wconf 89' lang='lat' dir='ltr'>cives</span> <span class='ocrx_word' id='word_1_161' title='bbox 1008 1902 1075 1954; x_wconf 85' lang='lat' dir='ltr'>ab</span> <span class='ocrx_word' id='word_1_162' title='bbox 1105 1901 1242 1954; x_wconf 88' lang='lat' dir='ltr'>omni</span> <span class='ocrx_word' id='word_1_163' title='bbox 1270 1901 1461 1971; x_wconf 87' lang='lat' dir='ltr'>injusta</span> <span class='ocrx_word' id='word_1_164' title='bbox 1497 1901 1565 1964; x_wconf 84' lang='lat' dir='ltr'>vi,</span> <span class='ocrx_word' id='word_1_165' title='bbox 1610 1908 1662 1954; x_wconf 91' lang='lat' dir='ltr'>et</span> <span class='ocrx_word' id='word_1_166' title='bbox 1698 1900 1873 1970; x_wconf 87' lang='lat' dir='ltr'>iniqua</span> <span class='ocrx_word' id='word_1_167' title='bbox 1909 1902 2257 1972; x_wconf 89' lang='lat' dir='ltr'>potentiarum</span> 
     </span>
     <span class='ocr_line' id='line_1_21' title="bbox 425 1982 2259 2054; baseline 0.001 -18"><span class='ocrx_word' id='word_1_168' title='bbox 425 1982 788 2045; x_wconf 89' lang='lat' dir='ltr'>dominatione,</span> <span class='ocrx_word' id='word_1_169' title='bbox 835 1982 938 2035; x_wconf 86' lang='lat' dir='ltr'>sint</span> <span class='ocrx_word' id='word_1_170' title='bbox 984 2001 1195 2053; x_wconf 89' lang='lat' dir='ltr'>prorsus</span> <span class='ocrx_word' id='word_1_171' title='bbox 1245 1984 1426 2046; x_wconf 88' lang='lat' dir='ltr'>securi,</span> <span class='ocrx_word' id='word_1_172' title='bbox 1472 1983 1612 2036; x_wconf 87' lang='lat' dir='ltr'>nulla</span> <span class='ocrx_word' id='word_1_173' title='bbox 1665 1983 1732 2036; x_wconf 89' lang='lat' dir='ltr'>sit</span> <span class='ocrx_word' id='word_1_174' title='bbox 1783 1983 1984 2053; x_wconf 86' lang='lat' dir='ltr'>reliqua</span> <span class='ocrx_word' id='word_1_175' title='bbox 2026 1986 2259 2054; x_wconf 76' lang='lat' dir='ltr'>publica</span> 
     </span>
     <span class='ocr_line' id='line_1_22' title="bbox 421 2065 2260 2138; baseline 0.001 -20"><span class='ocrx_word' id='word_1_176' title='bbox 421 2067 589 2119; x_wconf 76' lang='lat' dir='ltr'>salus.</span> <span class='ocrx_word' id='word_1_177' title='bbox 670 2066 816 2118; x_wconf 87' lang='lat' dir='ltr'>Tunc</span> <span class='ocrx_word' id='word_1_178' title='bbox 858 2067 1009 2119; x_wconf 70' lang='lat' dir='ltr'>salus</span> <span class='ocrx_word' id='word_1_179' title='bbox 1048 2066 1223 2138; x_wconf 90' lang='lat' dir='ltr'>agitur</span> <span class='ocrx_word' id='word_1_180' title='bbox 1265 2065 1581 2136; x_wconf 72' lang='lat' dir='ltr'>Reipublicae</span> <span class='ocrx_word' id='word_1_181' title='bbox 1632 2083 1746 2118; x_wconf 92' lang='lat' dir='ltr'>cum</span> <span class='ocrx_word' id='word_1_182' title='bbox 1802 2066 1868 2118; x_wconf 91' lang='lat' dir='ltr'>ab</span> <span class='ocrx_word' id='word_1_183' title='bbox 1926 2077 2260 2120; x_wconf 75' lang='lat' dir='ltr'>eoeternorum</span> 
     </span>
     <span class='ocr_line' id='line_1_23' title="bbox 422 2147 2261 2219; baseline 0.001 -19"><span class='ocrx_word' id='word_1_184' title='bbox 422 2150 655 2202; x_wconf 75' lang='lat' dir='ltr'>hostium</span> <span class='ocrx_word' id='word_1_185' title='bbox 711 2147 1097 2210; x_wconf 59' lang='lat' dir='ltr'>incursionibus„</span> <span class='ocrx_word' id='word_1_186' title='bbox 1143 2148 1228 2202; x_wconf 89' lang='lat' dir='ltr'>vel</span> <span class='ocrx_word' id='word_1_187' title='bbox 1269 2150 1634 2218; x_wconf 75' lang='lat' dir='ltr'>improborum</span> <span class='ocrx_word' id='word_1_188' title='bbox 1678 2149 1878 2201; x_wconf 80' lang='lat' dir='ltr'>civium</span> <span class='ocrx_word' id='word_1_189' title='bbox 1917 2147 2261 2219; x_wconf 77' lang='lat' dir='ltr'>depraedatio-</span> 
     </span>
     <span class='ocr_line' id='line_1_24' title="bbox 419 2229 2258 2302; baseline 0 -19"><span class='ocrx_word' id='word_1_190' title='bbox 419 2230 585 2294; x_wconf 82' lang='lat' dir='ltr'>nibuS,</span> <span class='ocrx_word' id='word_1_191' title='bbox 631 2230 901 2284; x_wconf 87' lang='lat' dir='ltr'>manifeste</span> <span class='ocrx_word' id='word_1_192' title='bbox 938 2229 992 2284; x_wconf 89' lang='lat' dir='ltr'>in</span> <span class='ocrx_word' id='word_1_193' title='bbox 1028 2237 1136 2284; x_wconf 89' lang='lat' dir='ltr'>tam</span> <span class='ocrx_word' id='word_1_194' title='bbox 1174 2237 1412 2302; x_wconf 88' lang='lat' dir='ltr'>apertum</span> <span class='ocrx_word' id='word_1_195' title='bbox 1442 2230 1715 2284; x_wconf 88' lang='lat' dir='ltr'>discrimen</span> <span class='ocrx_word' id='word_1_196' title='bbox 1743 2247 1828 2282; x_wconf 88' lang='lat' dir='ltr'>res</span> <span class='ocrx_word' id='word_1_197' title='bbox 1857 2230 2093 2283; x_wconf 84' lang='lat' dir='ltr'>deductae</span> <span class='ocrx_word' id='word_1_198' title='bbox 2122 2237 2258 2293; x_wconf 88' lang='lat' dir='ltr'>sunt,</span> 
     </span>
     <span class='ocr_line' id='line_1_25' title="bbox 421 2310 2260 2385; baseline 0 -19"><span class='ocrx_word' id='word_1_199' title='bbox 421 2320 482 2367; x_wconf 92' lang='lat' dir='ltr'>ut</span> <span class='ocrx_word' id='word_1_200' title='bbox 509 2314 562 2366; x_wconf 88' lang='lat' dir='ltr'>ni</span> <span class='ocrx_word' id='word_1_201' title='bbox 591 2312 808 2385; x_wconf 88' lang='lat' dir='ltr'>provide</span> <span class='ocrx_word' id='word_1_202' title='bbox 839 2320 892 2368; x_wconf 89' lang='lat' dir='ltr'>et</span> <span class='ocrx_word' id='word_1_203' title='bbox 919 2319 1123 2367; x_wconf 89' lang='lat' dir='ltr'>mature</span> <span class='ocrx_word' id='word_1_204' title='bbox 1157 2320 1506 2378; x_wconf 85' lang='lat' dir='ltr'>succurratur,</span> <span class='ocrx_word' id='word_1_205' title='bbox 1548 2310 1721 2385; x_wconf 87' lang='lat' dir='ltr'>patria</span> <span class='ocrx_word' id='word_1_206' title='bbox 1760 2311 1826 2366; x_wconf 90' lang='lat' dir='ltr'>sit</span> <span class='ocrx_word' id='word_1_207' title='bbox 1864 2311 2074 2366; x_wconf 90' lang='lat' dir='ltr'>indubie</span> <span class='ocrx_word' id='word_1_208' title='bbox 2107 2315 2260 2383; x_wconf 77' lang='lat' dir='ltr'>peri-</span> 
     </span>
     <span class='ocr_line' id='line_1_26' title="bbox 425 2406 570 2452; baseline 0.021 -3"><span class='ocrx_word' id='word_1_209' title='bbox 425 2406 570 2452; x_wconf 79' lang='lat' dir='ltr'>tura.</span> 
     </span>
    </p>

    <p class='ocr_par' dir='ltr' id='par_1_3' title="bbox 420 2477 2260 2714">
     <span class='ocr_line' id='line_1_27' title="bbox 546 2477 2260 2549; baseline -0.002 -16"><span class='ocrx_word' id='word_1_210' title='bbox 546 2479 699 2533; x_wconf 86' lang='lat' dir='ltr'><strong>VIII.</strong></span> <span class='ocrx_word' id='word_1_211' title='bbox 788 2479 872 2533; x_wconf 91' lang='lat' dir='ltr'>De</span> <span class='ocrx_word' id='word_1_212' title='bbox 917 2480 1092 2533; x_wconf 74' lang='lat' dir='ltr'>salute</span> <span class='ocrx_word' id='word_1_213' title='bbox 1134 2479 1367 2549; x_wconf 87' lang='lat' dir='ltr'>vidimus.</span> <span class='ocrx_word' id='word_1_214' title='bbox 1447 2477 1744 2533; x_wconf 89' lang='lat' dir='ltr'>Videndum</span> <span class='ocrx_word' id='word_1_215' title='bbox 1800 2477 2049 2548; x_wconf 86' lang='lat' dir='ltr'>proxime,</span> <span class='ocrx_word' id='word_1_216' title='bbox 2105 2495 2260 2547; x_wconf 89' lang='lat' dir='ltr'>quam</span> 
     </span>
     <span class='ocr_line' id='line_1_28' title="bbox 420 2559 2260 2632; baseline -0.001 -19"><span class='ocrx_word' id='word_1_217' title='bbox 420 2567 561 2614; x_wconf 88' lang='lat' dir='ltr'>recte</span> <span class='ocrx_word' id='word_1_218' title='bbox 606 2579 639 2614; x_wconf 89' lang='lat' dir='ltr'>a</span> <span class='ocrx_word' id='word_1_219' title='bbox 681 2560 1017 2614; x_wconf 84' lang='lat' dir='ltr'>novatoribus</span> <span class='ocrx_word' id='word_1_220' title='bbox 1062 2562 1251 2615; x_wconf 88' lang='lat' dir='ltr'>nostris</span> <span class='ocrx_word' id='word_1_221' title='bbox 1297 2560 1577 2632; x_wconf 87' lang='lat' dir='ltr'>accipiatur</span> <span class='ocrx_word' id='word_1_222' title='bbox 1634 2560 1854 2613; x_wconf 89' lang='lat' dir='ltr'>alterum</span> <span class='ocrx_word' id='word_1_223' title='bbox 1897 2559 2025 2612; x_wconf 93' lang='lat' dir='ltr'>illud</span> <span class='ocrx_word' id='word_1_224' title='bbox 2060 2561 2260 2629; x_wconf 77' lang='lat' dir='ltr'>populi</span> 
     </span>
     <span class='ocr_line' id='line_1_29' title="bbox 421 2641 2260 2714; baseline -0.001 -18"><span class='ocrx_word' id='word_1_225' title='bbox 421 2641 741 2696; x_wconf 88' lang='lat' dir='ltr'>vocabulum.</span> <span class='ocrx_word' id='word_1_226' title='bbox 829 2644 926 2697; x_wconf 88' lang='lat' dir='ltr'>Est</span> <span class='ocrx_word' id='word_1_227' title='bbox 960 2650 1133 2696; x_wconf 87' lang='lat' dir='ltr'>autem</span> <span class='ocrx_word' id='word_1_228' title='bbox 1153 2646 1406 2714; x_wconf 52' lang='lat' dir='ltr'>populu&amp;</span> <span class='ocrx_word' id='word_1_229' title='bbox 1449 2649 1509 2696; x_wconf 89' lang='lat' dir='ltr'>ut</span> <span class='ocrx_word' id='word_1_230' title='bbox 1546 2660 1611 2696; x_wconf 87' lang='lat' dir='ltr'>ex</span> <span class='ocrx_word' id='word_1_231' title='bbox 1639 2641 1835 2695; x_wconf 89' lang='lat' dir='ltr'>amissis</span> <span class='ocrx_word' id='word_1_232' title='bbox 1863 2644 1929 2696; x_wconf 83' lang='lat' dir='ltr'>de</span> <span class='ocrx_word' id='word_1_233' title='bbox 1957 2643 2260 2710; x_wconf 79' lang='lat' dir='ltr'>Republica</span> 
     </span>
    </p>
   </div>
   <div class='ocr_carea' id='block_1_3' title="bbox 717 2818 1964 2867">
    <p class='ocr_par' dir='ltr' id='par_1_4' title="bbox 717 2818 1964 2867">
     <span class='ocr_line' id='line_1_30' title="bbox 717 2818 1964 2867; baseline 0.002 -4"><span class='ocrx_word' id='word_1_234' title='bbox 717 2833 734 2852; x_wconf 78' lang='lat'><strong>0</strong></span> <span class='ocrx_word' id='word_1_235' title='bbox 758 2818 854 2864; x_wconf 81' lang='lat' dir='ltr'>Luc.</span> <span class='ocrx_word' id='word_1_236' title='bbox 872 2826 963 2865; x_wconf 86' lang='lat' dir='ltr'>xvii.</span> <span class='ocrx_word' id='word_1_237' title='bbox 985 2823 1019 2865; x_wconf 84' lang='lat'>1.</span> <span class='ocrx_word' id='word_1_238' title='bbox 1646 2821 1666 2855; x_wconf 72' lang='grc' dir='ltr'>ἆ</span> <span class='ocrx_word' id='word_1_239' title='bbox 1692 2830 1713 2865; x_wconf 90' lang='grc'>1</span> <span class='ocrx_word' id='word_1_240' title='bbox 1736 2828 1830 2866; x_wconf 88' lang='lat' dir='ltr'>Cor.</span> <span class='ocrx_word' id='word_1_241' title='bbox 1848 2840 1884 2866; x_wconf 93' lang='lat' dir='ltr'>v.</span> <span class='ocrx_word' id='word_1_242' title='bbox 1904 2827 1964 2867; x_wconf 90' lang='grc'>10.</span> 
     </span>
    </p>
   </div>
   <div class='ocr_carea' id='block_1_4' title="bbox 419 2936 2325 3850">
    <p class='ocr_par' dir='ltr' id='par_1_5' title="bbox 419 2936 2258 3706">
     <span class='ocr_line' id='line_1_31' title="bbox 420 2936 2257 2997; baseline -0.001 -12"><span class='ocrx_word' id='word_1_243' title='bbox 420 2942 525 2985; x_wconf 86' lang='lat' dir='ltr'>that</span> <span class='ocrx_word' id='word_1_244' title='bbox 549 2939 748 2984; x_wconf 85' lang='lat' dir='ltr'>factious</span> <span class='ocrx_word' id='word_1_245' title='bbox 775 2939 977 2989; x_wconf 79' lang='lat' dir='ltr'>citizens,</span> <span class='ocrx_word' id='word_1_246' title='bbox 999 2952 1120 2997; x_wconf 88' lang='lat' dir='ltr'>may,</span> <span class='ocrx_word' id='word_1_247' title='bbox 1146 2952 1207 2982; x_wconf 91' lang='lat' dir='ltr'>on</span> <span class='ocrx_word' id='word_1_248' title='bbox 1231 2938 1312 2983; x_wconf 91' lang='lat' dir='ltr'>the</span> <span class='ocrx_word' id='word_1_249' title='bbox 1333 2939 1439 2996; x_wconf 88' lang='lat' dir='ltr'>plea</span> <span class='ocrx_word' id='word_1_250' title='bbox 1457 2936 1514 2983; x_wconf 83' lang='lat' dir='ltr'>of</span> <span class='ocrx_word' id='word_1_251' title='bbox 1530 2938 1610 2984; x_wconf 90' lang='lat' dir='ltr'>the</span> <span class='ocrx_word' id='word_1_252' title='bbox 1634 2939 1798 2983; x_wconf 85' lang='lat' dir='ltr'>Public</span> <span class='ocrx_word' id='word_1_253' title='bbox 1821 2938 1996 2997; x_wconf 83' lang='lat' dir='ltr'>Safety,</span> <span class='ocrx_word' id='word_1_254' title='bbox 2018 2939 2257 2997; x_wconf 84' lang='lat' dir='ltr'>disregard</span> 
     </span>
     <span class='ocr_line' id='line_1_32' title="bbox 420 3009 2256 3068; baseline -0.003 -11"><span class='ocrx_word' id='word_1_255' title='bbox 420 3014 507 3057; x_wconf 80' lang='lat' dir='ltr'>law</span> <span class='ocrx_word' id='word_1_256' title='bbox 541 3012 635 3056; x_wconf 88' lang='lat' dir='ltr'>and</span> <span class='ocrx_word' id='word_1_257' title='bbox 667 3010 807 3068; x_wconf 86' lang='lat' dir='ltr'>right,</span> <span class='ocrx_word' id='word_1_258' title='bbox 841 3010 935 3054; x_wconf 90' lang='lat' dir='ltr'>and</span> <span class='ocrx_word' id='word_1_259' title='bbox 965 3010 1072 3054; x_wconf 87' lang='lat' dir='ltr'>deal</span> <span class='ocrx_word' id='word_1_260' title='bbox 1103 3024 1152 3053; x_wconf 88' lang='lat' dir='ltr'>as</span> <span class='ocrx_word' id='word_1_261' title='bbox 1182 3010 1296 3067; x_wconf 85' lang='lat' dir='ltr'>they</span> <span class='ocrx_word' id='word_1_262' title='bbox 1325 3010 1495 3067; x_wconf 88' lang='lat' dir='ltr'>please,</span> <span class='ocrx_word' id='word_1_263' title='bbox 1522 3009 1635 3054; x_wconf 88' lang='lat' dir='ltr'>with</span> <span class='ocrx_word' id='word_1_264' title='bbox 1663 3010 1792 3054; x_wconf 85' lang='lat' dir='ltr'>force</span> <span class='ocrx_word' id='word_1_265' title='bbox 1817 3009 1909 3053; x_wconf 88' lang='lat' dir='ltr'>and</span> <span class='ocrx_word' id='word_1_266' title='bbox 1930 3023 2077 3062; x_wconf 87' lang='lat' dir='ltr'>arms3</span> <span class='ocrx_word' id='word_1_267' title='bbox 2108 3011 2256 3068; x_wconf 86' lang='lat' dir='ltr'>King-</span> 
     </span>
     <span class='ocr_line' id='line_1_33' title="bbox 422 3080 2256 3138; baseline -0.001 -11"><span class='ocrx_word' id='word_1_268' title='bbox 422 3085 554 3129; x_wconf 84' lang='lat' dir='ltr'>(loms</span> <span class='ocrx_word' id='word_1_269' title='bbox 575 3083 668 3126; x_wconf 90' lang='lat' dir='ltr'>and</span> <span class='ocrx_word' id='word_1_270' title='bbox 691 3083 844 3126; x_wconf 83' lang='lat' dir='ltr'>States</span> <span class='ocrx_word' id='word_1_271' title='bbox 860 3081 953 3124; x_wconf 89' lang='lat' dir='ltr'>will</span> <span class='ocrx_word' id='word_1_272' title='bbox 972 3095 1115 3125; x_wconf 87' lang='lat' dir='ltr'>never</span> <span class='ocrx_word' id='word_1_273' title='bbox 1132 3081 1192 3125; x_wconf 90' lang='lat' dir='ltr'>be</span> <span class='ocrx_word' id='word_1_274' title='bbox 1214 3081 1312 3124; x_wconf 86' lang='lat' dir='ltr'>safe</span> <span class='ocrx_word' id='word_1_275' title='bbox 1333 3081 1426 3124; x_wconf 91' lang='lat' dir='ltr'>and</span> <span class='ocrx_word' id='word_1_276' title='bbox 1446 3082 1589 3138; x_wconf 84' lang='lat' dir='ltr'>quiet.</span> <span class='ocrx_word' id='word_1_277' title='bbox 1641 3080 1796 3125; x_wconf 82' lang='lat' dir='ltr'>Christ</span> <span class='ocrx_word' id='word_1_278' title='bbox 1813 3080 1912 3124; x_wconf 87' lang='lat' dir='ltr'>said</span> <span class='ocrx_word' id='word_1_279' title='bbox 1932 3080 2035 3124; x_wconf 86' lang='lat' dir='ltr'>that</span> <span class='ocrx_word' id='word_1_280' title='bbox 2056 3081 2256 3125; x_wconf 86' lang='lat' dir='ltr'>offences</span> 
     </span>
     <span class='ocr_line' id='line_1_34' title="bbox 423 3144 2255 3212; baseline -0.001 -14"><span class='ocrx_word' id='word_1_281' title='bbox 423 3159 548 3199; x_wconf 89' lang='lat' dir='ltr'>must</span> <span class='ocrx_word' id='word_1_282' title='bbox 572 3153 715 3198; x_wconf 88' lang='lat' dir='ltr'>needs</span> <span class='ocrx_word' id='word_1_283' title='bbox 741 3166 873 3197; x_wconf 90' lang='lat' dir='ltr'>come</span> <span class='ocrx_word' id='word_1_284' title='bbox 897 3144 1050 3211; x_wconf 88' lang='lat' dir='ltr'>(Luke</span> <span class='ocrx_word' id='word_1_285' title='bbox 1076 3152 1180 3195; x_wconf 86' lang='lat' dir='ltr'>xvii.</span> <span class='ocrx_word' id='word_1_286' title='bbox 1209 3146 1272 3212; x_wconf 87' lang='lat'>1).</span> <span class='ocrx_word' id='word_1_287' title='bbox 1337 3151 1444 3195; x_wconf 90' lang='lat' dir='ltr'>And</span> <span class='ocrx_word' id='word_1_288' title='bbox 1465 3166 1515 3195; x_wconf 88' lang='lat' dir='ltr'>as</span> <span class='ocrx_word' id='word_1_289' title='bbox 1543 3153 1597 3196; x_wconf 83' lang='lat' dir='ltr'>St</span> <span class='ocrx_word' id='word_1_290' title='bbox 1622 3152 1742 3196; x_wconf 89' lang='lat' dir='ltr'>Paul</span> <span class='ocrx_word' id='word_1_291' title='bbox 1763 3165 1865 3209; x_wconf 83' lang='lat' dir='ltr'>says</span> <span class='ocrx_word' id='word_1_292' title='bbox 1898 3152 1945 3209; x_wconf 92' lang='lat'>(1</span> <span class='ocrx_word' id='word_1_293' title='bbox 1967 3152 2070 3195; x_wconf 85' lang='lat' dir='ltr'>Cor.</span> <span class='ocrx_word' id='word_1_294' title='bbox 2097 3166 2137 3195; x_wconf 87' lang='lat' dir='ltr'>v.</span> <span class='ocrx_word' id='word_1_295' title='bbox 2162 3147 2255 3206; x_wconf 91' lang='grc'>10),</span> 
     </span>
     <span class='ocr_line' id='line_1_35' title="bbox 419 3222 2258 3281; baseline -0.002 -12"><span class='ocrx_word' id='word_1_296' title='bbox 419 3226 447 3248; x_wconf 87' lang='grc'><strong>“</strong></span> <span class='ocrx_word' id='word_1_297' title='bbox 466 3226 600 3269; x_wconf 89' lang='lat' dir='ltr'>Then</span> <span class='ocrx_word' id='word_1_298' title='bbox 620 3228 745 3269; x_wconf 89' lang='lat' dir='ltr'>must</span> <span class='ocrx_word' id='word_1_299' title='bbox 764 3238 833 3268; x_wconf 86' lang='lat' dir='ltr'>we</span> <span class='ocrx_word' id='word_1_300' title='bbox 851 3224 994 3268; x_wconf 90' lang='lat' dir='ltr'>needs</span> <span class='ocrx_word' id='word_1_301' title='bbox 1019 3234 1079 3280; x_wconf 84' lang='lat' dir='ltr'>go</span> <span class='ocrx_word' id='word_1_302' title='bbox 1101 3227 1183 3267; x_wconf 91' lang='lat' dir='ltr'>out</span> <span class='ocrx_word' id='word_1_303' title='bbox 1209 3223 1262 3266; x_wconf 88' lang='lat' dir='ltr'>of</span> <span class='ocrx_word' id='word_1_304' title='bbox 1288 3222 1369 3268; x_wconf 92' lang='lat' dir='ltr'>the</span> <span class='ocrx_word' id='word_1_305' title='bbox 1400 3222 1585 3275; x_wconf 83' lang='lat' dir='ltr'>world,’&#39;</span> <span class='ocrx_word' id='word_1_306' title='bbox 1606 3224 1700 3266; x_wconf 87' lang='lat' dir='ltr'>and</span> <span class='ocrx_word' id='word_1_307' title='bbox 1720 3223 1830 3268; x_wconf 89' lang='lat' dir='ltr'>seek</span> <span class='ocrx_word' id='word_1_308' title='bbox 1849 3236 1977 3267; x_wconf 87' lang='lat' dir='ltr'>some</span> <span class='ocrx_word' id='word_1_309' title='bbox 1996 3223 2175 3281; x_wconf 86' lang='lat' dir='ltr'>Utopia</span> <span class='ocrx_word' id='word_1_310' title='bbox 2204 3237 2258 3267; x_wconf 90' lang='lat' dir='ltr'>or</span> 
     </span>
     <span class='ocr_line' id='line_1_36' title="bbox 423 3293 2256 3353; baseline -0.002 -12"><span class='ocrx_word' id='word_1_311' title='bbox 423 3296 638 3341; x_wconf 87' lang='lat' dir='ltr'>Platonic</span> <span class='ocrx_word' id='word_1_312' title='bbox 658 3295 903 3353; x_wconf 86' lang='lat' dir='ltr'>Republic,</span> <span class='ocrx_word' id='word_1_313' title='bbox 929 3295 972 3338; x_wconf 86' lang='lat' dir='ltr'>if</span> <span class='ocrx_word' id='word_1_314' title='bbox 996 3308 1064 3338; x_wconf 91' lang='lat' dir='ltr'>we</span> <span class='ocrx_word' id='word_1_315' title='bbox 1089 3308 1170 3338; x_wconf 89' lang='lat' dir='ltr'>are</span> <span class='ocrx_word' id='word_1_316' title='bbox 1195 3298 1245 3338; x_wconf 91' lang='lat' dir='ltr'>to</span> <span class='ocrx_word' id='word_1_317' title='bbox 1266 3295 1496 3352; x_wconf 85' lang='lat' dir='ltr'>interpret</span> <span class='ocrx_word' id='word_1_318' title='bbox 1520 3294 1601 3338; x_wconf 92' lang='lat' dir='ltr'>the</span> <span class='ocrx_word' id='word_1_319' title='bbox 1626 3295 1652 3315; x_wconf 91' lang='lat'><strong><em>“</em></strong></span> <span class='ocrx_word' id='word_1_320' title='bbox 1667 3294 1831 3352; x_wconf 85' lang='lat' dir='ltr'>Safety</span> <span class='ocrx_word' id='word_1_321' title='bbox 1864 3294 1917 3337; x_wconf 89' lang='lat' dir='ltr'>of</span> <span class='ocrx_word' id='word_1_322' title='bbox 1937 3294 2018 3338; x_wconf 87' lang='lat' dir='ltr'>the</span> <span class='ocrx_word' id='word_1_323' title='bbox 2048 3293 2256 3351; x_wconf 89' lang='lat' dir='ltr'>People&#39;&#39;</span> 
     </span>
     <span class='ocr_line' id='line_1_37' title="bbox 421 3364 2257 3425; baseline -0.002 -13"><span class='ocrx_word' id='word_1_324' title='bbox 421 3370 471 3411; x_wconf 90' lang='lat' dir='ltr'>in</span> <span class='ocrx_word' id='word_1_325' title='bbox 492 3368 606 3412; x_wconf 87' lang='lat' dir='ltr'>such</span> <span class='ocrx_word' id='word_1_326' title='bbox 626 3381 654 3411; x_wconf 87' lang='lat' dir='ltr'>a</span> <span class='ocrx_word' id='word_1_327' title='bbox 678 3381 774 3425; x_wconf 88' lang='lat' dir='ltr'>way</span> <span class='ocrx_word' id='word_1_328' title='bbox 794 3366 898 3410; x_wconf 89' lang='lat' dir='ltr'>that</span> <span class='ocrx_word' id='word_1_329' title='bbox 917 3365 1050 3410; x_wconf 87' lang='lat' dir='ltr'>there</span> <span class='ocrx_word' id='word_1_330' title='bbox 1070 3366 1108 3410; x_wconf 90' lang='lat' dir='ltr'>is</span> <span class='ocrx_word' id='word_1_331' title='bbox 1128 3379 1190 3409; x_wconf 92' lang='lat' dir='ltr'>no</span> <span class='ocrx_word' id='word_1_332' title='bbox 1211 3365 1378 3409; x_wconf 87' lang='lat' dir='ltr'>Public</span> <span class='ocrx_word' id='word_1_333' title='bbox 1402 3364 1565 3423; x_wconf 82' lang='lat' dir='ltr'>Safety</span> <span class='ocrx_word' id='word_1_334' title='bbox 1585 3370 1749 3423; x_wconf 88' lang='lat' dir='ltr'>except</span> <span class='ocrx_word' id='word_1_335' title='bbox 1768 3365 1849 3409; x_wconf 87' lang='lat' dir='ltr'>the</span> <span class='ocrx_word' id='word_1_336' title='bbox 1865 3368 2073 3409; x_wconf 85' lang='lat' dir='ltr'>meanest</span> <span class='ocrx_word' id='word_1_337' title='bbox 2093 3366 2257 3409; x_wconf 88' lang='lat' dir='ltr'>citizen</span> 
     </span>
     <span class='ocr_line' id='line_1_38' title="bbox 423 3435 2256 3495; baseline -0.001 -13"><span class='ocrx_word' id='word_1_338' title='bbox 423 3441 461 3483; x_wconf 87' lang='lat' dir='ltr'>is</span> <span class='ocrx_word' id='word_1_339' title='bbox 497 3452 659 3484; x_wconf 89' lang='lat' dir='ltr'>secure</span> <span class='ocrx_word' id='word_1_340' title='bbox 694 3438 874 3495; x_wconf 83' lang='lat' dir='ltr'>against</span> <span class='ocrx_word' id='word_1_341' title='bbox 909 3451 1001 3495; x_wconf 87' lang='lat' dir='ltr'>any</span> <span class='ocrx_word' id='word_1_342' title='bbox 1032 3437 1303 3494; x_wconf 86' lang='lat' dir='ltr'>oppression</span> <span class='ocrx_word' id='word_1_343' title='bbox 1327 3436 1560 3480; x_wconf 82' lang='lat' dir='ltr'>whatever</span> <span class='ocrx_word' id='word_1_344' title='bbox 1582 3436 1707 3480; x_wconf 86' lang='lat' dir='ltr'>from</span> <span class='ocrx_word' id='word_1_345' title='bbox 1737 3436 1819 3480; x_wconf 91' lang='lat' dir='ltr'>the</span> <span class='ocrx_word' id='word_1_346' title='bbox 1843 3435 2093 3492; x_wconf 86' lang='lat' dir='ltr'>mightiest.</span> <span class='ocrx_word' id='word_1_347' title='bbox 2156 3435 2256 3480; x_wconf 85' lang='lat' dir='ltr'>The</span> 
     </span>
     <span class='ocr_line' id='line_1_39' title="bbox 426 3506 2256 3568; baseline -0.002 -14"><span class='ocrx_word' id='word_1_348' title='bbox 426 3510 588 3568; x_wconf 82' lang='lat' dir='ltr'>Safety</span> <span class='ocrx_word' id='word_1_349' title='bbox 605 3510 658 3554; x_wconf 88' lang='lat' dir='ltr'>of</span> <span class='ocrx_word' id='word_1_350' title='bbox 674 3509 755 3553; x_wconf 90' lang='lat' dir='ltr'>the</span> <span class='ocrx_word' id='word_1_351' title='bbox 779 3509 912 3553; x_wconf 86' lang='lat' dir='ltr'>State</span> <span class='ocrx_word' id='word_1_352' title='bbox 933 3509 971 3553; x_wconf 91' lang='lat' dir='ltr'>is</span> <span class='ocrx_word' id='word_1_353' title='bbox 993 3507 1108 3551; x_wconf 92' lang='lat' dir='ltr'>then</span> <span class='ocrx_word' id='word_1_354' title='bbox 1127 3512 1176 3551; x_wconf 90' lang='lat' dir='ltr'>at</span> <span class='ocrx_word' id='word_1_355' title='bbox 1196 3507 1341 3559; x_wconf 87' lang='lat' dir='ltr'>stake‚</span> <span class='ocrx_word' id='word_1_356' title='bbox 1362 3507 1497 3551; x_wconf 89' lang='lat' dir='ltr'>when</span> <span class='ocrx_word' id='word_1_357' title='bbox 1516 3507 1700 3564; x_wconf 84' lang='lat' dir='ltr'>foreign</span> <span class='ocrx_word' id='word_1_358' title='bbox 1720 3507 1943 3559; x_wconf 83' lang='lat' dir='ltr'>invasion,</span> <span class='ocrx_word' id='word_1_359' title='bbox 1965 3520 2018 3549; x_wconf 91' lang='lat' dir='ltr'>or</span> <span class='ocrx_word' id='word_1_360' title='bbox 2037 3506 2256 3550; x_wconf 87' lang='lat' dir='ltr'>intestine</span> 
     </span>
     <span class='ocr_line' id='line_1_40' title="bbox 424 3577 2257 3637; baseline -0.003 -12"><span class='ocrx_word' id='word_1_361' title='bbox 424 3582 624 3625; x_wconf 89' lang='lat' dir='ltr'>sedition</span> <span class='ocrx_word' id='word_1_362' title='bbox 658 3580 742 3625; x_wconf 88' lang='lat' dir='ltr'>has</span> <span class='ocrx_word' id='word_1_363' title='bbox 777 3579 1017 3637; x_wconf 90' lang='lat' dir='ltr'>produced</span> <span class='ocrx_word' id='word_1_364' title='bbox 1050 3578 1164 3622; x_wconf 89' lang='lat' dir='ltr'>such</span> <span class='ocrx_word' id='word_1_365' title='bbox 1196 3578 1372 3635; x_wconf 86' lang='lat' dir='ltr'>danger</span> <span class='ocrx_word' id='word_1_366' title='bbox 1402 3592 1451 3622; x_wconf 89' lang='lat' dir='ltr'>as</span> <span class='ocrx_word' id='word_1_367' title='bbox 1481 3577 1721 3622; x_wconf 86' lang='lat' dir='ltr'>threatens</span> <span class='ocrx_word' id='word_1_368' title='bbox 1746 3577 1920 3636; x_wconf 85' lang='lat' dir='ltr'>speedy</span> <span class='ocrx_word' id='word_1_369' title='bbox 1953 3577 2046 3620; x_wconf 88' lang='lat' dir='ltr'>and</span> <span class='ocrx_word' id='word_1_370' title='bbox 2080 3577 2257 3622; x_wconf 86' lang='lat' dir='ltr'>certain</span> 
     </span>
     <span class='ocr_line' id='line_1_41' title="bbox 425 3648 1575 3706; baseline -0.003 -10"><span class='ocrx_word' id='word_1_371' title='bbox 425 3652 726 3696; x_wconf 87' lang='lat' dir='ltr'>destruction.</span> <span class='ocrx_word' id='word_1_372' title='bbox 790 3650 898 3693; x_wconf 92' lang='lat' dir='ltr'>And</span> <span class='ocrx_word' id='word_1_373' title='bbox 922 3664 972 3695; x_wconf 90' lang='lat' dir='ltr'>so</span> <span class='ocrx_word' id='word_1_374' title='bbox 993 3649 1132 3693; x_wconf 85' lang='lat' dir='ltr'>much</span> <span class='ocrx_word' id='word_1_375' title='bbox 1155 3649 1210 3694; x_wconf 91' lang='lat' dir='ltr'>of</span> <span class='ocrx_word' id='word_1_376' title='bbox 1224 3648 1373 3699; x_wconf 77' lang='lat' dir='ltr'>Salus,</span> <span class='ocrx_word' id='word_1_377' title='bbox 1399 3648 1575 3706; x_wconf 83' lang='lat' dir='ltr'>Safety.</span> 
     </span>
    </p>

    <p class='ocr_par' dir='ltr' id='par_1_6' title="bbox 424 3719 2325 3850">
     <span class='ocr_line' id='line_1_42' title="bbox 519 3719 2325 3781; baseline -0.002 -17"><span class='ocrx_word' id='word_1_378' title='bbox 519 3727 562 3765; x_wconf 88' lang='grc'>8.</span> <span class='ocrx_word' id='word_1_379' title='bbox 625 3722 712 3766; x_wconf 91' lang='lat' dir='ltr'>We</span> <span class='ocrx_word' id='word_1_380' title='bbox 737 3726 861 3765; x_wconf 86' lang='lat' dir='ltr'>must</span> <span class='ocrx_word' id='word_1_381' title='bbox 881 3734 985 3765; x_wconf 89' lang='lat' dir='ltr'>now</span> <span class='ocrx_word' id='word_1_382' title='bbox 1006 3720 1219 3765; x_wconf 85' lang='lat' dir='ltr'>consider</span> <span class='ocrx_word' id='word_1_383' title='bbox 1237 3720 1421 3777; x_wconf 76' lang='lat' dir='ltr'>Populi,</span> <span class='ocrx_word' id='word_1_384' title='bbox 1443 3722 1502 3776; x_wconf 87' lang='lat' dir='ltr'>of</span> <span class='ocrx_word' id='word_1_385' title='bbox 1517 3721 1583 3763; x_wconf 79' lang='lat' dir='ltr'>the</span> <span class='ocrx_word' id='word_1_386' title='bbox 1607 3720 1782 3777; x_wconf 78' lang='lat' dir='ltr'>People,</span> <span class='ocrx_word' id='word_1_387' title='bbox 1798 3719 1903 3764; x_wconf 90' lang='lat' dir='ltr'>how</span> <span class='ocrx_word' id='word_1_388' title='bbox 1922 3719 1996 3763; x_wconf 86' lang='lat' dir='ltr'>far</span> <span class='ocrx_word' id='word_1_389' title='bbox 2017 3732 2103 3762; x_wconf 90' lang='lat' dir='ltr'>our</span> <span class='ocrx_word' id='word_1_390' title='bbox 2121 3719 2254 3761; x_wconf 90' lang='lat' dir='ltr'>inno·</span> <span class='ocrx_word' id='word_1_391' title='bbox 2314 3778 2325 3781; x_wconf 51' lang='lat'>-</span> 
     </span>
     <span class='ocr_line' id='line_1_43' title="bbox 424 3789 2253 3850; baseline -0.002 -16"><span class='ocrx_word' id='word_1_392' title='bbox 424 3795 579 3836; x_wconf 87' lang='lat' dir='ltr'>vators</span> <span class='ocrx_word' id='word_1_393' title='bbox 597 3792 771 3850; x_wconf 87' lang='lat' dir='ltr'>rightly</span> <span class='ocrx_word' id='word_1_394' title='bbox 790 3792 1018 3850; x_wconf 86' lang='lat' dir='ltr'>interpret</span> <span class='ocrx_word' id='word_1_395' title='bbox 1036 3791 1128 3837; x_wconf 87' lang='lat' dir='ltr'>this</span> <span class='ocrx_word' id='word_1_396' title='bbox 1148 3791 1289 3835; x_wconf 86' lang='lat' dir='ltr'>word.</span> <span class='ocrx_word' id='word_1_397' title='bbox 1330 3790 1373 3834; x_wconf 91' lang='lat' dir='ltr'>A</span> <span class='ocrx_word' id='word_1_398' title='bbox 1392 3790 1569 3849; x_wconf 91' lang='lat' dir='ltr'>People</span> <span class='ocrx_word' id='word_1_399' title='bbox 1590 3791 1628 3835; x_wconf 87' lang='lat' dir='ltr'>is</span> <span class='ocrx_word' id='word_1_400' title='bbox 1654 3791 1681 3812; x_wconf 79' lang='lat'>‘⁶</span> <span class='ocrx_word' id='word_1_401' title='bbox 1693 3804 1754 3834; x_wconf 89' lang='lat' dir='ltr'>an</span> <span class='ocrx_word' id='word_1_402' title='bbox 1773 3790 2057 3846; x_wconf 88' lang='lat' dir='ltr'>assemblage</span> <span class='ocrx_word' id='word_1_403' title='bbox 2078 3789 2133 3832; x_wconf 82' lang='lat' dir='ltr'>of</span> <span class='ocrx_word' id='word_1_404' title='bbox 2146 3801 2253 3832; x_wconf 91' lang='lat' dir='ltr'>men</span> 
     </span>
    </p>
   </div>
  </div>
 </body>
</html>
