2482 4166
389 268 495 320 206
570 278 657 321 DE
698 278 925 323 LEGUM
964 276 1389 323 HUMANARUM
1430 277 1652 323 CAUSA
1673 278 2070 323 EFFIGIENTE.

378 409 550 476 filius,
582 414 635 460 et
670 425 703 461 a
731 406 896 462 vicino
926 410 1137 462 vicinus
1158 428 1175 460 .·
1217 426 1322 461 non
1359 407 1485 462 item
1510 411 1864 480 superiorum,
1903 406 2002 459 nisi
2029 406 2218 477 impro->

391 490 504 560 prie
526 490 817 553 admodum,
849 497 903 544 et
931 509 1027 561 per
1056 491 1315 561 quandam
1344 490 1793 564 συὙκατάβασιν.
1863 490 1936 542 At
1965 491 2212 560 Superio-
2236 500 2265 541 3

390 591 528 635 rum,
560 580 613 626 et
640 573 695 625 in
722 573 893 643 aliqua
933 570 1181 651 ὑπεροχῇ
1216 573 1299 627 vel
1327 573 1592 645 dignitatis
1615 571 2003 645 praeeminentia
2032 570 2216 624 consti-

391 661 621 708 tutorum
662 656 792 709 adeo
838 656 1096 726 peculiare
1147 662 1225 708 est
1258 657 1575 724 Praeoipere,
1618 662 1678 709 ut
1720 654 1924 708 omnino
1973 653 2217 707 ridiculus

392 744 541 801 esset,
586 736 814 808 quisquis
861 740 1147 808 superiori,
1195 737 1280 790 vel
1318 736 1474 789 etiam
1508 740 1663 808 pari,
1703 736 1896 807 aliquid
1930 736 2217 789 faciendum

382 838 499 889 par
526 827 616 873 aut
645 822 874 890 inferior
902 820 1034 873 serio
1053 821 1394 890 praeciporet.
1456 821 1627 872 Actus
1652 818 1787 871 enim
1816 817 1979 870 omnis
1999 817 2218 887 requirit

386 904 725 973 principium
755 902 852 955 sibi
880 901 1329 973 proportionatum
1351 920 1363 953 ε
1407 908 1461 954 et
1477 920 1594 971 par
1621 904 1682 954 in
1701 918 1898 971 parem
1924 918 2030 953 non
2061 901 2219 952 habet

381 995 715 1053 potestatem.

516 1066 617 1119 III.
696 1067 779 1118 De
809 1067 1150 1135 Obliyatione
1177 1071 1366 1129 autem,
1413 1066 1585 1136 quoad
1612 1066 1712 1120 ista
1744 1065 1862 1129 tria,
1893 1065 1964 1118 sic
1993 1071 2219 1118 statuen-

388 1148 528 1200 dum.
604 1146 712 1211 Qui>
744 1148 837 1200 abs
866 1148 966 1200 alio
994 1150 1138 1218 petit
1174 1146 1314 1218 quid,
1335 1151 1566 1218 petendo
1594 1155 1833 1202 neutrum
1858 1148 2084 1219 obligat3
2124 1165 2218 1200 nec
2244 1159 2266 1200 1

391 1248 465 1293 se,
507 1248 602 1282 nec
646 1248 762 1282 eum
806 1248 839 1283 a
883 1248 983 1300 quo
1020 1230 1185 1301 petit:
1230 1230 1351 1300 quia
1372 1233 1579 1286 Potitio
1607 1236 1686 1285 est
1713 1238 1858 1284 actus
1886 1231 2217 1299 indiyentiae,

390 1330 492 1364 non
506 1315 820 1382 potestati&
853 1312 997 1383 cujus
1019 1316 1230 1382 effectus
1256 1331 1371 1365 cum
1399 1312 1608 1366 aliunde
1635 1313 1874 1384 pendeat,
1906 1318 1959 1366 et
1977 1330 2080 1364 non
2100 1330 2218 1383 pro-

391 1395 542 1448 cedat
583 1396 649 1448 ab
692 1395 803 1465 ipso
842 1406 1043 1465 aqente,
1093 1396 1324 1466 (petente
1366 1395 1576 1465 scilicet)
1618 1415 1721 1449 non
1767 1402 1938 1466 potest
1976 1394 2219 1447 inducere

391 1477 619 1547 aliquam
664 1480 1056 1548 obliyationem.
1143 1478 1246 1541 Qui
1284 1485 1458 1532 autem
1502 1479 1655 1533 alteri
1697 1478 1891 1548 aliquid
1933 1477 2216 1548 pollicetur,
2238 1487 2268 1529 2

383 1562 748 1629 promittendo
778 1578 833 1612 se
862 1560 1066 1630 quidem
1098 1562 1338 1630 obliyat,·
1386 1580 1502 1614 eum
1532 1580 1658 1614 vero
1699 1561 1779 1615 cui
1820 1561 1957 1614 facta
1995 1567 2073 1612 est
2102 1578 2220 1630 pro-

393 1641 562 1695 missio
599 1661 702 1696 non
740 1642 952 1715 obligat.
1037 1644 1209 1706 Quum
1248 1643 1383 1695 enim
1415 1646 1709 1714 promissio
1754 1643 1820 1696 sit
1863 1650 2007 1695 actus
2042 1641 2219 1694 liberae

393 1724 700 1789 voluntatis3
746 1732 919 1796 potest
947 1724 1115 1795 quivis
1143 1725 1295 1778 homo
1323 1725 1377 1777 in
1407 1733 1655 1795 quantum
1685 1732 1763 1779 est
1802 1727 2027 1779 liberum
2056 1743 2218 1792 ayens

385 1813 447 1859 ⁴et
498 1803 751 1879 ἐξουσίαν
803 1803 922 1883 ἔχει
966 1807 1094 1883 περὶ
1142 1811 1242 1863 τοῦ
1300 1802 1427 1863 ἰδίου
1477 1805 1808 1874 θελήματος,
1861 1809 1941 1877 (ut
1989 1806 2217 1875 loquitur

396 1889 687 1960 ApostoluS,
723 1894 751 1942 1
789 1893 911 1944 Cor.
943 1890 1027 1944 vii.
1061 1889 1170 1960 37),
1194 1890 1282 1960 jus
1309 1890 1437 1943 illud
1466 1898 1519 1944 et
1546 1897 1855 1961 potestatem
1881 1907 2035 1960 quam
2060 1889 2218 1942 habet

392 1970 445 2023 in
493 1972 756 2044 propriam
809 1971 1124 2025 voluntatem
1174 1976 1235 2026 in
1286 1975 1623 2043 semetipsum
1677 1991 1950 2035 exercere3
2011 1978 2067 2025 at
2115 1989 2219 2024 non

392 2062 672 2125 propterea
711 2062 765 2109 et
801 2056 861 2107 in
900 2057 1147 2108 alterum.
1237 2055 1372 2119 Quia
1417 2074 1482 2108 ex
1522 2055 1575 2107 vi
1614 2055 1765 2108 liberi
1807 2054 2024 2117 arbitrii,
2066 2054 2218 2105 homo

395 2144 473 2189 est
500 2140 748 2192 dominus
781 2139 1079 2190 voluntatis
1115 2137 1357 2209 propriae,
1395 2144 1449 2191 et
1491 2145 1699 2191 actuum
1742 2156 1959 2191 suorum
2001 2143 2218 2197 tantum,

393 2237 496 2271 non
525 2219 649 2272 item
680 2222 996 2273 alienorum.
1083 2222 1127 2272 E
1165 2228 1346 2274 contra
1387 2239 1511 2274 vero
1552 2220 1639 2292 qui
1684 2219 1837 2273 alteri
1867 2220 2138 2289 praeoipit,
2179 2217 2222 2270 si
2243 2229 2271 2271 3

392 2301 725 2373 praecipiendi
747 2303 832 2374 jus
861 2303 1036 2365 habet,
1069 2321 1184 2356 eum
1215 2303 1294 2356 cui
1323 2302 1573 2374 praecipit,
1593 2303 1963 2373 praecipiendo
1993 2300 2220 2371 obligat3

394 2383 615 2455 seipsum
643 2404 747 2438 non
777 2384 988 2457 obligat.
1061 2386 1139 2438 Eo
1171 2386 1306 2455 quod
1335 2388 1629 2456 praeceptio
1659 2392 1736 2438 est
1765 2391 1909 2437 actus
1936 2382 2222 2454 potestatis,

392 2467 716 2521 auctoritatis
734 2475 787 2521 et
809 2467 943 2537 juris
971 2466 1025 2518 in
1053 2469 1287 2521 alterum
1308 2489 1325 2521 :
1370 2476 1550 2538 estque
1579 2487 1644 2521 ex
1667 2485 1722 2520 se
1750 2473 1903 2538 aptus
1930 2473 2097 2529 natus,
2127 2463 2225 2517 nisi

396 2548 592 2618 aliquid
616 2549 875 2621 impediat,
899 2548 1144 2603 inducere
1174 2553 1566 2620 obliyationem.
1645 2550 1729 2604 Sic
1760 2552 1928 2603 Pater
1962 2547 2083 2611 filio,
2113 2549 2225 2601 Do-

484 2748 525 2787 3.
586 2742 693 2786 And
715 2757 763 2787 as
781 2748 828 2787 to
849 2744 930 2788 the
953 2745 1223 2801 Obligation
1246 2742 1498 2802 belonging
1517 2748 1568 2787 to
1589 2744 1705 2788 each
1727 2745 1781 2788 os
1795 2745 1927 2789 these
1947 2758 2207 2803 processes:

484 2808 556 2867 (1)
587 2814 783 2857 Potition
808 2814 918 2858 does
938 2820 1022 2859 not
1047 2815 1201 2871 oblige
1221 2814 1320 2857 him
1350 2814 1453 2857 who
1485 2815 1604 2866 asks,
1623 2829 1711 2858 nor
1740 2814 1838 2857 him
1857 2816 1960 2858 who
1992 2816 2029 2859 is
2062 2816 2218 2859 asked.

392 2885 486 2928 For
516 2885 554 2928 it
588 2885 626 2928 is
659 2898 719 2928 an
745 2889 821 2929 act
848 2886 903 2929 of
930 2886 1065 2938 need,
1089 2890 1172 2929 not
1209 2885 1263 2929 of
1293 2898 1474 2942 power;
1504 2885 1585 2928 the
1610 2885 1748 2929 effect
1774 2885 1885 2928 does
1919 2889 2003 2928 not
2038 2885 2223 2942 depend

391 2970 518 3014 upon
542 2955 623 2999 the
644 2962 798 3013 agent,
819 2956 901 3001 the
922 2958 1070 3010 asker,
1092 2957 1185 2999 and
1199 2955 1435 3000 therefore
1456 2960 1628 2999 cannot
1647 2956 1815 2998 induce
1843 2955 2124 3012 Obligation.

484 3026 555 3084 (2)
618 3028 821 3071 Promise
851 3028 1026 3086 obliges
1057 3028 1139 3072 the
1169 3028 1409 3085 promiser,
1445 3027 1531 3070 but
1567 3031 1651 3070 not
1686 3026 1767 3070 the
1805 3027 2051 3084 promise-e.
2128 3026 2222 3070 For

391 3097 508 3142 each
537 3112 649 3142 man
678 3099 727 3142 in
764 3113 815 3143 so
845 3100 920 3143 far
944 3114 993 3144 as
1018 3100 1079 3143 he
1104 3100 1142 3143 is
1167 3113 1196 3141 a
1219 3098 1320 3142 free
1345 3103 1500 3156 agent,
1536 3098 1630 3141 and
1669 3090 1714 3156 (1
1745 3097 1849 3141 Cor.
1879 3097 1959 3141 vii.
1990 3090 2067 3156 37)
2106 3096 2222 3141 hath

389 3183 545 3225 power
570 3183 680 3214 over
703 3170 774 3213 his
800 3184 903 3214 own
927 3171 1033 3224 will,
1057 3185 1165 3228 may,r
1196 3170 1398 3214 exercise
1434 3169 1538 3213 that
1563 3182 1718 3229 power
1749 3182 1858 3213 over
1887 3167 2080 3212 himself
2086 3184 2101 3221 3
2136 3168 2222 3212 but

389 3240 471 3284 has
496 3254 557 3284 no
583 3241 697 3285 such
721 3255 877 3299 power
901 3255 1010 3286 over
1035 3242 1246 3287 another.

481 3307 553 3368 (3)
616 3312 866 3356 Commomd
890 3313 1065 3371 obliges
1100 3318 1185 3357 not
1221 3312 1303 3356 the
1335 3312 1648 3365 commander,
1676 3312 1764 3356 but
1795 3310 1971 3369 obliges
2006 3309 2088 3354 the
2114 3324 2221 3368 per-

390 3396 474 3425 son
500 3384 821 3436 commanded,
851 3384 894 3427 if
913 3384 1047 3429 there
1072 3385 1132 3429 be
1157 3384 1397 3442 authority
1427 3389 1476 3427 to
1502 3382 1772 3428 command:
1799 3382 1875 3426 for
1899 3386 1949 3426 to
1974 3381 2221 3426 command
2274 3417 2278 3420 .

390 3453 428 3495 is
454 3452 535 3497 the
566 3455 737 3511 special
763 3456 854 3499 and
882 3457 1181 3514 appropriate
1212 3463 1287 3499 act
1318 3455 1372 3499 of
1403 3455 1640 3512 authority
1670 3467 1780 3498 over
1804 3452 2014 3497 another.
2092 3451 2220 3495 Thus

390 3537 418 3566 a
447 3524 621 3569 Father
651 3527 920 3571 commands
951 3541 980 3570 a
1005 3541 1088 3572 son
1104 3543 1117 3580 3
1154 3541 1182 3571 a
1201 3527 1391 3577 Master,
1431 3540 1459 3569 a
1488 3529 1699 3577 servant3
1730 3538 1758 3567 a
1784 3523 2000 3576 General,
2033 3522 2104 3566 his
2130 3523 2219 3566 sol-

391 3594 540 3647 diers3
578 3610 606 3638 a
645 3597 785 3654 King,
827 3598 899 3641 his
938 3599 1134 3657 people3
1170 3598 1263 3642 and
1305 3597 1411 3642 God
1448 3595 1715 3641 commands
1759 3608 1896 3647 men3
1935 3593 2062 3646 each,
2102 3606 2151 3637 as
2190 3607 2219 3635 a

396 3664 632 3721 Superior,
654 3669 922 3713 commands
948 3670 1059 3713 with
1085 3669 1323 3726 authority
1349 3668 1473 3712 what
1498 3669 1535 3712 is
1559 3671 1609 3711 to
1633 3666 1693 3710 be
1719 3665 1865 3717 done;
1897 3665 1989 3707 and
2007 3665 2071 3722 by
2095 3677 2218 3707 com-

394 3736 630 3793 manding,
654 3738 854 3795 imposes
880 3754 941 3783 an
968 3740 1238 3797 Obligation
1264 3744 1313 3784 to
1340 3739 1399 3783 do
1420 3739 1500 3783 the
1526 3737 1659 3793 thing
1683 3750 1733 3781 so
1759 3735 2078 3779 commanded.
