2482 4166
834 257 1216 304 PRAELEOTIO
1256 258 1520 305 DECIMA.
1990 255 2048 306 3]
2062 256 2094 308 3

260 386 441 460 nequis
458 385 618 459 ipsius
643 388 872 458 exemplo
894 386 962 440 ad
980 385 1223 440 audacius
1250 385 1445 455 aliquid
1472 385 1705 439 fortassis
1731 390 2096 444 attentandum

260 472 563 525 abuteretur
585 476 833 540 quantum
862 469 915 522 in
949 487 1004 522 se
1034 476 1169 522 esset
1197 475 1421 521 caveret.
1513 468 1794 521 Confestim
1821 470 1997 541 itaque
2026 473 2096 527 ad

261 555 463 625 Regem
488 552 715 615 advolat,
747 552 864 621 (fuit
900 551 945 605 is
986 551 1148 604 felicis
1176 550 1438 604 memoriae
1466 550 1818 603 serenissimus
1847 555 1966 606 Rem
1995 558 2095 606 Ja-

260 637 457 705 cobus,)
492 636 561 689 ad
600 635 709 706 ejus
744 653 915 707 genua
942 633 1259 706 provolutuS,
1302 634 1522 687 violatae
1550 633 1718 702 Leyis
1750 633 1951 686 veniam
1980 654 2099 707 sup-

258 719 380 790 plex
408 717 571 789 petit:
616 719 687 771 Et
721 724 877 789 prout
913 716 1238 770 commeritus
1273 723 1367 778 est,
1415 733 1447 767 a
1490 716 1640 787 Rege
1681 715 2096 785 prudentissimO,

258 819 363 854 non
390 808 497 854 tam
524 811 716 871 spretae
739 802 899 871 Leyis
918 800 1137 862 veniam,
1165 817 1320 869 quam
1348 798 1664 852 antehabitae
1684 800 1923 868 publicoe
1952 802 2098 853 salu-

261 886 333 938 tis
361 883 582 947 laudem,
610 883 923 956 impetravit.

385 966 596 1019 XXIII.
684 965 917 1035 Exposui
937 964 1045 1036 jam
1078 964 1238 1027 vobis,
1270 962 1566 1027 AuditoreS,
1598 971 1657 1019 ut
1685 964 1859 1018 amicis
1889 965 2099 1037 quibus-

256 1049 376 1102 dam
405 1049 732 1119 obsequerer,
753 1047 1014 1118 aliquanto
1037 1047 1198 1100 fusius
1227 1065 1381 1118 quam
1411 1048 1564 1110 sole0,
1593 1047 1716 1119 quid
1743 1048 1867 1101 mihi
1896 1049 2098 1103 videter

255 1131 322 1185 de
349 1131 448 1185 isto
477 1132 762 1185 Axiomate
801 1130 1139 1193 sentiendum,
1186 1132 1352 1184 Salus
1386 1132 1596 1201 Populi
1631 1134 1903 1201 Suprema
1942 1134 2094 1186 Lem.-

200 1241 203 1244 ·
257 1214 421 1268 Simul
465 1221 525 1268 ut
572 1233 629 1268 os
679 1215 953 1267 obturetur
997 1213 1304 1284 importunis
1353 1214 1660 1276 hominibus,
1716 1214 1804 1284 qui
1856 1216 1936 1283 (ut
1982 1234 2097 1268 cum

256 1290 577 1352 ‘'Salomone
625 1298 848 1368 loquar,)
893 1316 919 1350 e
965 1316 1098 1350 uaso
1140 1298 1369 1349 nimium
1401 1315 1693 1366 compresso
1724 1299 1945 1351 eliciunt
1972 1317 2098 1352 san-

249 1382 466 1450 quinem
484 1400 501 1433 .·
543 1381 641 1434 hoc
686 1387 780 1443 est,
825 1379 913 1451 qui
942 1398 1010 1432 ex
1042 1379 1312 1442 sententia,
1357 1379 1444 1449 pia
1472 1397 1595 1432 sane
1626 1379 1690 1448 (si
1719 1386 1773 1433 et
1797 1399 1920 1433 sane
1947 1380 2099 1434 intel-

251 1462 488 1534 ligatur,)
521 1471 678 1534 atque
707 1463 909 1535 publico
939 1462 1168 1525 salutari,
1199 1480 1445 1533 perverse
1473 1461 1865 1533 interpretando
1891 1482 2098 1516 sensum

253 1545 461 1599 eliciunt
488 1546 715 1617 impium,
748 1552 802 1599 et
830 1545 986 1598 rebus
1011 1545 1249 1598 humanis
1278 1544 1627 1615 pernitiosum.
1698 1546 1910 1599 Summa
1938 1545 2097 1599 totius

252 1628 347 1691 rei,
377 1635 436 1681 ut
464 1627 518 1681 in
546 1647 712 1699 pauca
740 1628 1060 1693 contraham,
1091 1628 1191 1680 huc
1219 1626 1371 1680 redit.
1458 1628 1580 1679 Non
1615 1627 1657 1680 si
1688 1629 1974 1691 laedantur,
2006 1635 2097 1682 aut

253 1709 441 1781 injuria
481 1711 768 1765 afficiantur
806 1710 1025 1781 privatae
1068 1709 1264 1780 aliquot
1298 1728 1545 1780 personoe
1562 1730 1583 1771 ,·
1622 1728 1727 1763 non
1770 1710 1812 1763 si
1856 1729 1948 1764 sua
1994 1710 2097 1764 sint

254 1794 504 1856 subditis,
551 1794 618 1847 de
668 1794 854 1865 quibus
900 1792 1057 1846 etiam
1104 1792 1290 1845 merito
1339 1792 1583 1862 conqueri
1632 1793 1843 1863 possint,
1891 1794 2096 1865 publica

253 1876 491 1946 quaedam
532 1879 866 1947 yravamiua
881 1895 903 1938 ,·
943 1875 1320 1929 decurrendum
1368 1882 1447 1928 est
1498 1875 1687 1938 statim,
1729 1874 1874 1945 quasi
1922 1884 2094 1929 actum

252 1958 406 2012 aliter
451 1967 586 2014 esset
625 1961 691 2013 de
740 1962 929 2013 Salute
962 1960 1174 2029 populi,
1220 1958 1288 2010 ad
1328 1957 1558 2010 remedia
1599 1958 1895 2011 adhibenda
1923 1965 2094 2012 extra-

254 2041 532 2105 ordinaria,
584 2049 638 2096 et
687 2061 803 2113 quae
851 2042 952 2094 sint
1002 2052 1193 2094 contra
1245 2042 1429 2110 Lequ.
1521 2040 1673 2103 Quod
1726 2040 1769 2094 si
1810 2039 1982 2111 justus
2027 2041 2095 2095 sit

253 2131 436 2187 metuS,
481 2126 547 2178 ab
591 2127 823 2179 eoeternis
860 2126 1100 2177 hostibus
1137 2129 1229 2176 aut
1258 2124 1530 2177 seditiosis
1559 2125 1767 2177 civibus
1796 2141 2095 2194 oppressam

252 2206 318 2259 iri
363 2210 791 2278 Rempublicam,
843 2205 940 2260 nisi
989 2205 1183 2276 aliquid
1232 2206 1338 2269 fiat,
1390 2206 1529 2276 quod
1570 2208 1809 2276 Leyibus
1854 2225 1959 2259 non
2015 2214 2095 2261 est

251 2289 587 2360 permissum:
635 2292 896 2361 Principi
929 2289 1008 2342 fas
1037 2296 1130 2352 est,
1162 2307 1227 2341 ex
1261 2288 1541 2342 Potestatis
1570 2307 1677 2341 suae
1695 2292 2092 2360 praeroyativa,

252 2371 355 2425 imo
412 2375 660 2428 Subditis
709 2374 787 2426 fas
837 2380 930 2435 est,
980 2390 1046 2424 ex
1091 2378 1408 2443 praesumpta
1466 2374 1748 2442 Principis
1801 2374 2091 2436 voluntate,

253 2455 426 2522 (modo
462 2456 591 2508 nihil
636 2457 728 2510 fiat
772 2456 826 2508 in
862 2454 1020 2526 ipsius
1055 2454 1449 2525 praejudicium,)
1488 2462 1747 2525 praesente
1785 2455 2091 2509 necessitate

251 2537 326 2590 ita
367 2538 676 2609 postulante,
717 2557 751 2593 a
793 2538 966 2592 verbis
1009 2545 1063 2590 et
1105 2537 1360 2590 sententia
1392 2539 1831 2608 particularium
1886 2540 2094 2609 Leyum

251 2620 512 2684 recedere,
560 2628 620 2674 ut
664 2620 974 2692 periclitanti
1001 2621 1211 2690 patriae
1248 2620 1599 2684 subveniatur,
1645 2619 1858 2692 ejusque
1900 2622 2088 2684 saluti,

252 2709 311 2755 ut
338 2722 599 2773 supremoe
634 2706 789 2773 Leqi,
827 2703 1152 2757 inserviatur.
1231 2704 1458 2775 Pergam
1494 2703 1795 2774 propediem
1835 2703 1905 2772 (si
1947 2705 2093 2756 Deus

251 2785 543 2855 permiserit
588 2792 642 2840 et
691 2786 955 2839 commode
999 2787 1205 2856 potero)
1256 2804 1372 2855 quae
1420 2785 1621 2856 reliqua
1666 2792 1787 2840 sunt
1831 2787 2091 2859 persequi,

255 2869 461 2921 Gratia
487 2870 718 2923 Domini
744 2871 918 2924 nostri
945 2870 1076 2922 Jesu
1114 2870 1334 2930 Christi,
1367 2879 1459 2923 etc.

825 3053 845 3080 <¹
870 3054 1082 3104 [Proverb.
1102 3065 1188 3102 cap.
1207 3066 1303 3092 xxx.
1320 3065 1419 3091 vers.
1435 3053 1516 3102 33.]

340 3181 413 3223 23.
476 3176 584 3222 And
607 3176 716 3222 thus
741 3191 809 3223 we
834 3191 911 3223 see
935 3177 1017 3223 the
1042 3182 1148 3223 true
1173 3192 1306 3223 sense
1333 3177 1387 3222 of
1408 3177 1500 3223 this
1521 3177 1711 3222 Maxim.

345 3248 611 3294 Sanderson
641 3248 769 3301 adds,
799 3249 865 3293 “I
890 3249 1009 3294 shall
1038 3249 1240 3307 proceed
1267 3248 1331 3303 (if
1353 3249 1459 3294 God
1488 3250 1675 3307 permit,
1700 3249 1794 3294 and
1824 3248 1851 3294 I
1870 3250 2087 3297 conveni-

251 3320 382 3379 ently
407 3316 531 3371 can),
554 3325 604 3365 to
629 3334 803 3378 pursue
827 3320 908 3365 the
932 3320 1197 3365 remainder
1222 3320 1276 3365 of
1296 3320 1389 3364 this
1414 3321 1607 3379 subJect.

343 3392 445 3438 The
471 3392 621 3437 Grace
647 3392 701 3437 of
721 3406 807 3437 our
831 3392 958 3437 Lord
982 3393 1118 3437 Jesus
1145 3391 1313 3445 Christ,
1333 3391 1446 3437 δεῦθ’
