2482 4166
319 264 405 315 xvi

1027 265 1439 312 SUMMARIUM.

535 486 794 541 SEXTAE
847 483 1414 538 PRAELECTIONIS
1468 486 1940 544 SUMMARIUM.

326 628 450 671 SEc'r.
468 631 492 671 1
674 624 924 680 Propositio
955 623 1262 667 dicendorum.

467 701 495 740 2
675 695 952 739 Obedientiae
972 694 1190 747 debitum,
1212 698 1258 737 et
1277 694 1594 750 subiectionis:
1619 697 1863 764 utriusque
1880 698 2132 744 discrimen.

467 771 497 810 4
517 781 581 823 sq.
680 765 771 809 Sub
791 778 844 807 ea
859 764 1142 819 obligatione,
1165 778 1301 818 quam
1325 763 1465 821 Leges
1485 766 1720 820 inducunt,
1740 768 2021 814 Conscientia
2038 771 2152 814 inte-

788 833 877 876 rim
906 833 1048 875 libera
1078 836 1155 875 est.

468 912 496 952 6
516 923 580 964 sq.
674 907 873 949 DUBIUM
896 904 1107 946 PmMUM.
1167 902 1238 946 De
1258 902 1357 959 lege
1373 904 1563 960 jubente
1583 921 1680 950 rem
1702 908 2046 964 Impossibilem.

468 982 496 1019 8
676 975 876 1017 DUBmM
897 974 1165 1016 SECUNDUM.
1561 976 1658 1020 Aut
1678 978 1934 1032 possibilem
1953 979 2151 1035 quidem,

784 1044 861 1087 sed
880 1043 1081 1086 multum
1102 1057 1350 1087 onerosam.

469 1119 497 1159 9
677 1115 875 1158 DUBIUM
896 1114 1133 1157 TERTIUM.
1557 1116 1654 1160 Aut
1686 1131 1785 1172 quae
1821 1118 1909 1163 fuit
1940 1123 2044 1165 ante
2077 1135 2155 1165 ne-

786 1184 985 1229 cessaria.

442 1260 498 1301 10
518 1272 583 1312 sq.
683 1256 882 1299 DUBIUM
901 1254 1157 1309 QUARTUM.
1556 1254 1652 1300 Aut
1670 1259 1850 1313 turpem
1873 1263 1918 1304 et
1937 1260 2158 1307 illicitam.

684 1325 774 1369 Ubi
794 1325 1088 1380 Quaestiones,

932 1400 952 1439 1
989 1397 1064 1439 An
1095 1402 1281 1453 propter
1318 1399 1564 1443 utilitatem
1602 1400 1833 1455 publicam
1863 1401 1972 1447 ferri
2001 1404 2158 1447 debeat

900 1415 926 1703 Ι
1042 1467 1143 1510 Lex
1174 1468 1235 1523 inj
1244 1473 1356 1511 usta.

442 1543 499 1583 12
933 1538 959 1577 2
989 1535 1063 1578 An
1083 1536 1221 1579 latam
1242 1538 1448 1581 subditus
1467 1542 1674 1582 teneatur
1693 1541 1938 1586 observare.

442 1612 498 1654 13
932 1606 960 1647 3
988 1604 1064 1647 An
1084 1606 1242 1649 saltem
1262 1606 1393 1649 liceat
1413 1621 1512 1650 eam
1533 1606 1781 1652 observare.

444 1685 501 1724 14
933 1677 963 1716 4
992 1674 1186 1717 Cuinam
1207 1675 1318 1730 Legi
1336 1676 1514 1731 injustae
1532 1691 1688 1731 parere
1708 1678 1853 1733 liceat,
1876 1685 1921 1724 et
1942 1683 2016 1725 cui
2035 1697 2141 1726 non.

443 1754 498 1794 15
934 1746 960 1786 5
991 1744 1104 1798 Quae
1125 1744 1316 1788 ,lustitia
1335 1746 1594 1800 requiratur
1611 1746 1668 1789 ad
1694 1746 1793 1801 hoc,
1814 1755 1868 1793 ut
1888 1750 1986 1794 Lex
2006 1753 2157 1808 aliqua

1048 1813 1107 1856 sit
1128 1813 1403 1869 obligatoria.

445 1894 500 1935 16
520 1905 584 1946 sq,
935 1890 962 1931 6
992 1886 1081 1929 Ubi
1109 1887 1285 1930 subdito
1314 1901 1406 1930 non
1434 1892 1608 1932 constat
1637 1889 1691 1933 de
1724 1890 1857 1947 Lege,
1885 1892 2067 1949 justane
2099 1896 2158 1940 sit

1047 1970 1107 1999 an
1132 1955 1316 2011 injusta,
1347 1957 1457 2012 quid
1484 1957 1753 2004 faciendum.

444 2033 500 2074 18
520 2044 617 2085 sqq.
686 2027 885 2069 DUBIUM
904 2025 1146 2081 QmNTUM.
1788 2054 1790 2056 ψ

789 2092 859 2134 De
882 2091 1013 2146 Legis
1031 2093 1204 2135 malum
1224 2093 1527 2149 permittentis
1547 2094 1844 2153 obligatione.

446 2171 502 2211 22
522 2181 619 2222 sqq.
685 2164 885 2207 DUBmM
906 2162 1112 2207 SEXTUM.

789 2233 859 2275 De
881 2232 999 2287 Lege
1019 2232 1345 2277 determinante
1364 2248 1462 2278 rem
1480 2236 1823 2283 indifferentem.

445 2311 502 2352 26
680 2304 876 2347 Dnmmu
900 2302 1155 2345 SEPTIMUM.

791 2372 861 2416 De
882 2372 1079 2427 Legibus
1099 2372 1419 2417 Ecclesiasticis
1437 2375 1486 2417 in
1505 2377 1662 2431 specie.

445 2450 502 2495 27
681 2444 794 2499 Quae
814 2443 863 2484 in
881 2441 1113 2485 adversam
1134 2447 1311 2497 partem
1332 2444 1552 2499 disputari
1570 2446 1729 2503 solent,
1749 2449 2000 2496 diluuntur.

499 2779 837 2835 SEPTIMAE
888 2785 1452 2839 PRAELECTIONIS
1510 2782 1987 2838 SUMMARIUM.

333 2910 457 2953 SECT.
476 2912 499 2951 1
682 2911 804 2955 Ante
822 2913 1047 2958 dictorum
1067 2916 1278 2959 recensio-

474 2979 502 3018 2
521 2991 585 3032 sq.
681 2977 880 3021 DUBIUM
901 2980 1110 3026 PRnsmM.
1160 2983 1307 3038 Cujus
1325 2982 1383 3025 sit
1405 2981 1546 3038 Leges
1565 2981 1776 3025 condere:
1820 2979 1909 3023 Ubi
1928 2980 2157 3034 statuitur,

684 3051 958 3097 Potestatem
981 3059 1252 3114 νομοθετικὴν
1276 3070 1370 3099 esse
1390 3056 1665 3100 Potestatem
1686 3056 1949 3112 Superioris,

475 3120 505 3159 4
798 3118 1053 3164 Externam
1073 3122 1106 3163 J
1107 3123 1446 3168 urisdictionem
1465 3124 1672 3167 habentis
1683 3137 1699 3176 ,⁸

475 3190 502 3229 5
861 3189 999 3244 idque
1019 3205 1125 3233 cum
1148 3193 1333 3237 Summo
1356 3194 1568 3249 Imperio.

477 3260 505 3300 6
524 3272 621 3313 sqq.
686 3258 799 3314 Quae
819 3259 1056 3304 Conclusio
1076 3261 1174 3305 fuse
1196 3263 1454 3318 explicatur
1473 3278 1486 3317 ;

476 3330 504 3370 9
525 3342 588 3384 sq.
1025 3337 1070 3375 et
1088 3333 1211 3376 varie
1231 3334 1537 3389 confirmatur,

449 3402 501 3440 11
526 3414 588 3454 sq.
685 3400 766 3456 Rej
774 3405 870 3444 ecto
890 3415 1064 3457 nupero
1085 3402 1383 3448 Co-ordinatae
1403 3405 1635 3460 potestatis
1654 3404 1882 3461 figmento.

449 3468 506 3508 13
684 3468 884 3512 DUBIUM
905 3469 1173 3515 SECUNDUM.
1233 3473 1310 3516 An
1339 3478 1393 3516 ut
1414 3473 1556 3528 Leges
1581 3473 1794 3529 obligent,
1813 3472 1970 3528 populi
1997 3471 2160 3527 aliquis

798 3540 957 3584 saltem
978 3556 1216 3586 consensus
1235 3544 1505 3599 requiratur.

453 3611 508 3650 14
527 3622 593 3662 sq.
687 3609 929 3653 Summum
951 3612 1204 3668 Imperium
1223 3628 1250 3656 a
1270 3613 1368 3656 Deo
1389 3618 1479 3657 est:

452 3678 508 3717 16
798 3683 954 3733 estque
974 3681 1133 3734 patriae
1153 3680 1385 3736 potestatis
1404 3693 1613 3736 propago.

455 3745 509 3791 17
530 3759 625 3799 sqq.
691 3746 747 3788 In
768 3746 975 3802 Principe
997 3750 1307 3795 constituendo
1330 3764 1427 3805 quae
1450 3750 1539 3792 sint
1559 3747 1717 3804 populi
1737 3751 1899 3803 partes.
