2482 4166
440 244 543 296 260
1044 254 1129 298 DE
1172 255 1338 300 LEGE
1381 255 1687 301 POENAL1.·

438 380 531 434 sed
557 380 785 434 habeant
814 381 1089 452 saepissime
1119 383 1406 454 propositos
1440 384 1535 438 sibi
1571 384 1696 438 alios
1714 388 1867 454 fines.
1960 387 2075 450 Quo
2111 387 2271 457 perti-

438 469 527 517 net
555 482 855 534 responsum
883 464 1009 517 illud
1040 465 1229 518 domini
1257 467 1419 520 nostri
1448 468 1484 520 J
1488 485 1577 520 esu
1606 468 1798 521 Christi
1824 468 2083 539 discipulis
2111 469 2269 522 inter-

436 546 740 618 rogantibus
786 546 851 599 de
898 549 1105 600 homine
1155 567 1288 601 cceco
1334 560 1478 612 nat0,
1539 568 1698 603 suane
1746 568 1814 603 an
1859 557 2077 621 paterna
2121 551 2270 621 culpa

437 628 508 681 id'
522 629 568 681 ei
595 628 875 692 accidisset,
920 636 980 682 ut
1023 648 1191 683 caecus
1233 642 1557 694 nasceretur,
1609 634 1731 685 Joh.
1762 631 1833 686 ix,
1864 635 1916 685 3.
2002 635 2120 686 Nec
2169 635 2270 686 iste

393 703 412 714 ’
428 713 694 781 peccavit,
739 711 919 781 inquit,
965 730 1057 765 nec
1081 723 1339 780 parentes
1378 714 1488 779 ejus
1530 712 1755 779 (scilicet,
1800 720 1860 766 ut
1895 732 2056 766 caecus
2096 732 2269 767 nasce-

440 795 607 862 retur)
637 795 729 846 sed
762 804 823 845 ut
855 811 1019 862 opera
1053 795 1163 845 Dei
1200 794 1609 860 manifestentur
1638 796 1698 845 in
1728 813 1799 855 ec,
1829 795 1927 847 hoc
1954 795 2144 848 factum
2174 803 2266 849 est.

442 875 599 928 Ratio
640 881 751 928 est:
796 874 916 943 quia
956 874 1010 925 in
1049 875 1361 935 moralibus,
1413 892 1589 926 eorum
1633 892 1749 943 quae
1803 875 1933 928 fiunt
1982 875 2266 940 aestimatiO,

440 957 665 1026 itemque
709 962 762 1008 et
806 955 1167 1018 denominatiO,
1214 973 1246 1007 a
1292 974 1460 1008 causa
1495 958 1664 1024 finali
1712 956 1881 1026 potius
1923 957 2053 1011 sumi
2098 958 2267 1021 debet,

440 1056 595 1107 quam
621 1056 653 1090 a
682 1055 852 1090 causa
880 1039 1124 1107 efficiente
1148 1040 1446 1091 meritoria.

566 1120 665 1170 XX
677 1120 747 1173 11.
838 1118 1042 1172 Deinde
1089 1122 1316 1172 secundo
1365 1119 1466 1172 dici
1508 1126 1694 1190 potest,
1737 1140 1912 1190 poence
1959 1124 2270 1191 temporalis

440 1200 745 1254 relationem
772 1201 842 1254 ad
870 1203 1088 1270 culpam
1128 1201 1182 1253 in
1219 1220 1281 1254 ea
1319 1201 1572 1255 duntaxat
1595 1221 1758 1271 poena
1794 1203 2002 1273 proprie
2030 1204 2267 1275 spectari,

440 1301 555 1352 quae
600 1282 762 1353 culpae
811 1285 1036 1337 relative
1072 1284 1377 1354 opponitur3
1418 1302 1521 1336 non
1566 1284 1689 1337 item
1736 1284 1790 1337 in
1836 1303 1898 1337 ea
1943 1303 2059 1355 quae
2105 1286 2269 1356 culpae

441 1367 712 1418 contrarie
752 1372 954 1418 tantum
993 1365 1285 1437 opponitur,
1330 1384 1446 1436 quae
1475 1373 1554 1419 est
1579 1365 1745 1419 laxior
1774 1366 1883 1437 ejus
1914 1369 2051 1421 vocis
2080 1367 2269 1439 signifi-

439 1446 570 1499 catio
599 1453 652 1500 et
680 1447 847 1500 minus
875 1448 1102 1518 propria.
1189 1449 1341 1500 Hanc
1370 1448 1745 1502 distinctionem
1784 1456 1905 1502 ante
1938 1449 2270 1520 explicuimus

438 1528 492 1580 in
519 1532 746 1582 secundo
779 1530 931 1600 hujus
960 1532 1116 1583 dubii
1139 1534 1502 1601 praecoynito;
1532 1549 1626 1584 nec
1655 1549 1782 1602 opus
1816 1538 1893 1584 est
1921 1532 2094 1585 multis
2121 1549 2269 1603 repe-

440 1616 568 1663 tere.
652 1611 924 1665 Suffecerit
965 1612 1254 1665 meminisse
1303 1631 1508 1683 poenam
1552 1615 1657 1683 leqi
1681 1632 1824 1684 pure
1854 1616 2067 1683 poenali
2111 1631 2269 1684 appo-

440 1692 607 1755 sitam,
646 1711 749 1746 non
787 1693 966 1747 stricte
1011 1700 1064 1746 et
1105 1694 1330 1764 proprie,
1371 1695 1462 1747 sed
1500 1695 1780 1766 improprie
1823 1703 1875 1748 et
1908 1696 2013 1749 late
2048 1714 2269 1766 paenam

363 1800 366 1803 ·
440 1773 554 1837 dici,
586 1780 741 1845 prout
770 1774 1023 1847 significat
1049 1775 1270 1828 alterum
1299 1778 1437 1829 mali
1464 1795 1626 1848 genus
1656 1796 1694 1829 a
1722 1778 1865 1829 malo
1902 1780 2071 1847 culpae
2101 1777 2269 1829 diver-

440 1872 566 1908 sum.
652 1856 817 1919 Quale
863 1875 1027 1928 genus
1064 1876 1239 1926 poenae
1282 1864 1453 1928 potest
1495 1858 1604 1911 sine
1649 1857 1896 1929 injustitia
1935 1858 2092 1930 legali
2120 1858 2269 1910 alicui

438 1936 620 1989 inferri
656 1948 883 2007 propter
906 1940 1070 2005 finem
1107 1941 1308 2001 utilem,
1346 1941 1440 2007 (ut,
1481 1939 1628 1992 verbi
1671 1938 1855 2011 gratia,
1899 1941 1966 1993 ad
2003 1940 2269 1993 vitandum

433 2018 640 2087 aliquod
681 2019 1056 2071 incommodum
1098 2019 1376 2089 publicum)
1418 2020 1547 2072 citra
1574 2027 1838 2089 peccatum
1874 2039 2108 2091 personae
2138 2022 2268 2092 pati-

435 2100 581 2153 entis.
672 2099 757 2153 Sic
783 2099 918 2152 enim
955 2107 1167 2171 accepta
1185 2120 1361 2169 poenoe
1396 2100 1688 2171 appellatiO,
1735 2102 1903 2154 omnia
1944 2105 2266 2172 infortunia,

434 2184 656 2245 damna,
703 2184 950 2244 adversa,
996 2189 1087 2235 aut
1130 2181 1383 2252 quicquidr
1415 2182 1609 2235 homini
1665 2182 1849 2237 accidit
1905 2185 2043 2255 quod
2095 2185 2269 2238 mallet

431 2281 535 2316 non
565 2263 807 2327 evenisse,
837 2264 1106 2334 complexu
1131 2282 1222 2317 suo
1252 2264 1493 2317 continet.

563 2347 772 2398 XXIII.
862 2346 972 2398 Ista
1006 2345 1049 2399 si
1077 2345 1157 2398 cui
1187 2352 1416 2399 vestrum
1445 2346 1609 2399 minus
1637 2346 1994 2411 satisfecerint,
2027 2350 2141 2416 (nec
2169 2367 2267 2421 ego

437 2445 562 2481 sane
590 2428 808 2481 multum
838 2428 1188 2496 contender0‚)
1211 2435 1292 2482 ast
1320 2428 1446 2481 illud
1472 2428 1652 2482 saltem
1678 2429 1927 2501 imprimis
1956 2430 2168 2502 dignum
2189 2437 2267 2483 est

438 2510 731 2573 observatu,
763 2509 900 2579 quod
932 2512 1088 2563 tertio
1121 2511 1230 2563 loco
1258 2529 1393 2563 nunc
1422 2510 1648 2580 subjici0,
1680 2529 1837 2581 quum
1866 2519 1920 2565 et
1945 2519 2106 2565 totam
2134 2513 2267 2565 hanc

436 2591 710 2644 exhauriat
752 2593 1157 2654 dubitationem,
1207 2599 1260 2645 et
1302 2592 1454 2645 alteri
1497 2593 1646 2645 simul
1689 2595 1967 2662 objectioni
2008 2593 2267 2665 aptissime

435 2678 687 2724 occurrat.
777 2671 1033 2725 Nimirum
1076 2675 1236 2741 leyeni
1260 2676 1530 2745 poenalem
1569 2675 1733 2744 qualis
1769 2694 1904 2729 nunc
1947 2677 2040 2729 sub
2083 2676 2268 2728 incude

436 2759 532 2815 est,
561 2769 719 2821 quum
746 2758 1022 2821 utrumque
1050 2753 1302 2816 intendat,
1342 2762 1396 2807 et
1430 2757 1670 2826 obliyare
1698 2757 1957 2810 subditum
1996 2757 2187 2810 scilicet
2216 2763 2269 2810 et

435 2841 610 2885 tamen
655 2852 760 2886 non
809 2836 919 2886 nisi
965 2836 1403 2888 conditionaliter
1453 2836 1715 2906 obligare;
1771 2840 2062 2906 dupliciter
2118 2856 2267 2908 posse

436 2914 765 2977 considerari,
793 2914 877 2967 vel
907 2917 1199 2984 tripliciter
1227 2916 1411 2985 potius.
1498 2919 1710 2979 Primo,
1762 2918 1973 2988 praecise
2016 2926 2265 2987 quantum
2291 2932 2312 2973 1

435 2998 511 3049 ad
539 2998 615 3059 id,
648 2998 725 3048 ad
752 2998 894 3066 quod
923 2997 1016 3048 sub
1047 2996 1137 3048 tali
1175 2997 1463 3050 conditione
1496 2999 1846 3067 praestandum
1883 2999 2105 3052 intendit
2140 3000 2265 3052 obli-

432 3096 593 3149 gare:
634 3081 874 3141 secunde,
920 3084 1169 3148 quantum
1212 3078 1280 3131 ad
1324 3081 1674 3132 conditionem
1724 3080 1863 3132 illam
1904 3081 2129 3152 praecise,
2170 3081 2264 3135 sub
2285 3094 2315 3135 2

522 3276 594 3315 22.
638 3270 868 3329 Secondly,
889 3285 958 3315 we
979 3285 1074 3330 say,
1095 3287 1144 3317 as
1164 3273 1341 3326 before,
1362 3274 1465 3317 tha-t
1485 3273 1799 3331 punishment,
1817 3274 1866 3316 in
1880 3287 1968 3318 one
1989 3287 2135 3325 sense,
2154 3274 2264 3319 does

432 3345 515 3386 not
538 3342 686 3400 imply
705 3342 839 3392 fault,
866 3343 953 3386 but
978 3344 1015 3386 is
1039 3345 1244 3401 opposed
1269 3349 1319 3388 to
1340 3344 1473 3388 fault.
1540 3345 1629 3388 See
1653 3344 1775 3389 Sect.
1803 3349 1871 3387 11.

522 3417 594 3457 23.
664 3414 865 3470 Thirdly,
893 3427 962 3456 we
983 3427 1065 3470 say
1089 3414 1193 3457 that
1213 3414 1294 3458 the
1319 3416 1430 3458 Law
1451 3414 1626 3472 obliges
1652 3415 1803 3457 under
1827 3415 1960 3467 fault,
1981 3415 2067 3459 but
2088 3415 2264 3472 obliges

432 3483 766 3541 conditionally
805 3483 927 3540 only.
1007 3484 1107 3528 The
1146 3485 1296 3529 whole
1331 3486 1442 3528 Law
1480 3486 1517 3528 is
1548 3490 1597 3529 to
1628 3485 1688 3528 be
1720 3484 1863 3528 taken
1896 3486 2137 3542 together;
2181 3486 2263 3529 the

433 3554 711 3606 ordination,
731 3554 813 3597 the
834 3554 1086 3607 condition,
1107 3556 1201 3598 and
1226 3556 1308 3599 the
1333 3556 1648 3599 combination
1670 3555 1724 3598 of
1744 3555 1825 3598 the
1849 3559 1952 3599 two.
2029 3556 2070 3598 A
2090 3570 2199 3599 man
2223 3557 2261 3600 is

431 3624 647 3681 culpable
679 3625 780 3668 who
813 3624 998 3669 neither
1023 3626 1256 3672 conforms
1284 3631 1334 3672 to
1359 3626 1441 3671 the
1469 3625 1747 3679 ordination,
1772 3639 1860 3670 nor
1886 3626 2080 3671 submits
2105 3631 2155 3670 to
2180 3625 2261 3670 the

431 3694 680 3739 condition.
762 3696 851 3739 See
878 3695 1000 3740 Sect.
1030 3701 1100 3743 19.
