2482 4166
830 272 1213 319 PRAELEOTIO
1255 273 1522 319 OCTAVA.
1990 270 2094 322 239

258 402 707 477 interpretatione)
737 407 879 455 certo
908 408 1160 463 constare,
1197 400 1337 470 quod
1365 400 1431 453 sit
1458 399 1616 471 ipsius
1643 404 1907 466 voluntas,
1949 412 2001 460 et
2029 408 2096 460 ab

258 488 369 558 ejus
407 485 714 540 auctoritate
756 490 912 554 prout
945 484 1226 553 publicam
1257 500 1552 552 personam
1594 481 1811 537 sustinet
1848 487 2095 555 profecta.

260 568 401 623 Hinc
422 567 548 621 illud
576 566 711 639 juris
741 565 1000 627 Canonici,
1038 559 1243 634 bLeqes
1272 566 1685 627 constituuntur,
1717 583 1837 617 cum
1857 571 2099 635 promul-

255 661 461 722 9antur
478 671 495 703 :
534 650 759 719 itemque
787 647 914 701 illud
941 647 1163 701 alterum
1183 646 1317 717 juris
1345 645 1507 699 civilis
1529 646 1757 709 effatum,
1787 650 1957 717 Leyes
1982 669 2100 719 quoe

260 735 630 802 constrinyunt
686 733 959 784 hominum
1006 732 1167 792 vitas,
1211 730 1447 798 intelliqi
1496 730 1567 781 ab
1616 731 1859 783 omnibus
1897 733 2097 785 debent.

262 814 416 878 Quod
445 833 601 884 quum
631 813 854 866 omnium
883 813 1168 866 Doctorum
1195 809 1450 863 communi
1478 828 1741 873 consensu,
1777 812 1978 866 ratione
2007 814 2099 866 sci-

259 897 380 950 licet
408 897 479 950 sic
508 897 750 959 dictante,
776 894 1170 965 comprobetur:
1209 892 1338 944 nihil
1366 910 1493 963 opus
1521 899 1600 946 est
1635 892 1683 945 ei
1718 892 1970 948 firmando
2007 903 2100 950 aut

260 979 370 1033 Dei
392 973 551 1049 ipsius
576 977 866 1048 exemplum
887 976 942 1028 in
967 975 1190 1028 medium
1216 975 1489 1037 adducere,
1519 977 1717 1045 Leyem
1739 994 1883 1029 suam
1912 979 2100 1048 populo

262 1060 494 1113 Hebraeo
524 1059 589 1113 de
618 1065 793 1112 monte
824 1060 994 1112 Sinai
1021 1057 1298 1111 solenniter
1319 1059 1725 1127 proniulyantis
1740 1078 1760 1119 ,·
1799 1068 1889 1112 aut
1916 1060 2101 1113 floren-

260 1142 570 1195 tissimarum
598 1148 709 1195 toto
750 1141 874 1194 orbe
909 1141 1459 1212 Rerumpublicarnm
1496 1147 1550 1193 et
1584 1142 1869 1194 civitatum
1897 1143 2098 1213 praxin,

261 1242 377 1294 quae
405 1226 575 1294 Leyes
596 1241 713 1277 suas
740 1241 861 1275 mox
887 1229 947 1275 ut
966 1222 1087 1275 latae
1108 1223 1333 1284 fuerunt,
1367 1224 1569 1275 tabulis
1596 1225 1754 1276 aeneis
1781 1223 1980 1287 incisaS,
2011 1234 2102 1279 aut

261 1306 538 1376 insculptas
569 1308 775 1376 liyneis‚
806 1305 858 1357 in
880 1304 1002 1357 locis
1028 1303 1251 1357 maxime
1276 1304 1506 1375 publicis,
1538 1304 1735 1357 civibus
1763 1304 2102 1376 inspiciendas

261 1395 656 1459 proposuerunt.
734 1387 1016 1441 Notissima
1044 1393 1164 1440 sunt
1200 1386 1288 1439 illa
1315 1386 1562 1439 vocabula
1601 1405 1716 1458 quae
1744 1388 1932 1457 passim
1962 1391 2103 1460 apud

262 1477 499 1523 auctores
525 1476 813 1532 occurrunt,
845 1476 900 1523 et
920 1469 988 1522 ad
1009 1469 1142 1521 hanc
1164 1468 1375 1521 classem
1395 1468 1670 1538 pertinent,
1700 1470 2104 1525 Atheniensium

264 1546 468 1615 δέλτοι,
498 1549 733 1629 κύρβεις,
773 1546 971 1624 ἄξονες,
1001 1552 1111 1603 XII
1140 1550 1355 1603 Tabulae
1383 1551 1751 1613 Romanorum,
1782 1552 2104 1623 aliorumque

262 1635 569 1705 populorum
596 1635 728 1687 alia:
772 1634 838 1687 de
867 1633 1051 1703 quibus
1080 1632 1360 1694 consulant,
1397 1632 1541 1701 queis
1570 1639 1719 1685 vacat
1748 1651 1859 1686 esse
1886 1634 2104 1688 istarum

261 1734 438 1769 rerum
468 1715 693 1779 curiosiS,
733 1715 1003 1785 utriusque
1031 1714 1223 1787 linguae
1256 1713 1676 1786 Lexicographos
1707 1721 1760 1768 et
1789 1716 2103 1790 Philologos.

262 1798 427 1851 Nobis
454 1798 523 1851 ad
550 1798 652 1851 alia
678 1797 1014 1870 pergendum.

385 1882 487 1937 III.
575 1880 751 1934 Posita
786 1878 1176 1952 promulgandae
1208 1878 1339 1951 legis
1373 1882 1699 1944 necessitate,
1736 1881 1968 1935 exoritur
2005 1901 2105 1936 DU—

264 1980 407 2016 mUM
450 1980 762 2025 SECUNDUM,
815 1964 998 2033 qualis
1044 1962 1233 2014 debeat
1279 1979 1390 2014 esse
1430 1965 1800 2033 promulyatio
1853 1965 1998 2033 Zeyis’,
2046 1974 2105 2020 ut

263 2044 495 2117 legitima
519 2052 802 2107 censeatur,
831 2051 884 2097 et
912 2044 1122 2096 inducat
1151 2045 1528 2113 obliyationem
1547 2045 1576 2097 ,Ρ
1634 2046 1739 2098 Pro
1774 2046 2105 2117 responsione

265 2126 378 2180 dico
411 2129 612 2197 primo,
648 2127 1043 2196 promulyandi
1077 2125 1244 2195 legem
1282 2127 1490 2179 modum
1533 2133 1588 2180 et
1621 2128 1889 2191 rationem,
1934 2132 2106 2199 quoad

264 2207 601 2279 particulares
629 2210 772 2262 ritus
800 2214 854 2260 et
880 2209 1336 2270 circumstantias,
1369 2227 1464 2279 pro
1494 2227 1635 2262 more
1664 2209 1907 2281 cujusque
1936 2213 2106 2282 gentis

268 2290 463 2344 variari
511 2308 689 2360 posse3
749 2290 802 2342 in
845 2308 905 2342 eo
947 2296 1123 2342 tamen
1176 2290 1463 2343 consentire
1503 2309 1693 2355 omnes,
1748 2311 1813 2345 ex
1852 2295 2107 2347 communi

266 2389 362 2425 usu
390 2371 600 2441 requiri,
634 2378 689 2424 ut
713 2373 989 2441 leyislator
1015 2371 1330 2425 voluntatem
1360 2391 1504 2425 suam
1532 2381 1679 2427 curet
1707 2374 1781 2428 ita
1809 2376 2028 2445 proponi
2053 2383 2106 2430 et

265 2453 584 2507 manifestari
623 2453 840 2506 subditis
881 2464 1092 2507 externo
1126 2453 1298 2523 aliquo
1335 2457 1503 2524 sione,
1542 2462 1601 2509 ut
1631 2456 1703 2508 eis
1732 2457 1933 2527 publice
1961 2457 2106 2510 inno-

265 2542 443 2597 tescat,
474 2553 569 2588 nec
597 2533 779 2606 aliquis
813 2553 991 2588 eorum
1025 2535 1113 2605 qui
1139 2542 1383 2589 tenentur
1411 2537 1581 2609 legem
1610 2539 1902 2602 observare,
1945 2540 2106 2609 possit

267 2618 569 2685 (moraliter
596 2619 872 2688 loquendo)
913 2635 1023 2670 esse
1061 2617 1274 2689 ignarus
1311 2618 1561 2688 ejusmodi
1583 2619 1752 2691 legem
1788 2638 1900 2673 esse
1928 2620 2103 2674 latam.

266 2699 440 2770 Atque
467 2700 564 2752 hoc
588 2706 867 2771 propterea
891 2698 1189 2769 requiritur,
1221 2700 1359 2770 quod
1388 2703 1665 2772 diriyendi
1691 2701 1769 2757 vis
1796 2701 1900 2775 legi
1923 2701 2106 2757 intrin-

888 2883 907 2910 ἱ)
932 2884 1124 2923 Distinet.
1142 2886 1179 2922 4.
1200 2885 1305 2922 Sect.
1325 2885 1374 2923 In
1391 2886 1491 2923 istis.

264 3017 347 3062 the
369 3017 624 3070 Governor,
644 3020 729 3061 not
753 3030 803 3061 as
827 3016 969 3074 being
993 3030 1054 3060 an
1077 3017 1351 3071 individual,
1375 3017 1461 3061 but
1486 3031 1536 3062 as
1561 3031 1591 3061 a
1614 3018 1782 3062 Public
1802 3019 1982 3062 Person
2011 3020 2106 3063 and

265 3088 347 3132 the
368 3088 504 3132 Head
523 3088 577 3132 of
593 3087 675 3132 the
689 3088 1003 3145 Community.
1050 3087 1159 3130 And
1179 3093 1345 3145 except
1366 3088 1457 3132 this
1477 3088 1549 3133 his
1570 3089 1681 3132 Will
1700 3089 1760 3133 be
1780 3089 1917 3132 made
1936 3089 2105 3133 known

266 3159 316 3201 in
340 3172 470 3202 some
489 3158 647 3215 public
672 3172 881 3210 manner,
906 3158 945 3201 it
970 3162 1141 3201 cannot
1166 3158 1225 3201 be
1245 3158 1416 3201 known
1439 3152 1710 3216 (according
1738 3164 1788 3203 to
1819 3159 1942 3217 legal
1961 3161 2104 3204 inter-

266 3222 524 3286 pretation)
550 3228 655 3271 that
679 3228 717 3271 it
741 3229 779 3271 is
800 3227 872 3271 his
890 3228 1002 3270 Will
1022 3241 1072 3271 as
1093 3241 1122 3270 a
1142 3228 1301 3284 public
1322 3242 1506 3285 person.

359 3298 466 3341 And
496 3297 588 3341 this
613 3298 652 3341 is
677 3297 759 3341 the
786 3297 996 3341 doctrine
1022 3298 1077 3342 of
1094 3298 1293 3350 Jurists3
1325 3299 1581 3343 confirmed
1610 3300 1673 3357 by
1704 3300 1787 3344 the
1817 3301 2028 3359 example
2053 3302 2109 3346 of

268 3368 351 3413 the
370 3369 481 3412 Law
501 3367 735 3411 delivered
759 3368 883 3411 from
904 3368 1047 3420 Sinai,
1067 3369 1121 3412 of
1140 3368 1222 3412 the
1243 3368 1519 3422 Athenians,
1541 3371 1636 3413 and
1656 3370 1738 3415 the
1757 3372 1980 3416 Romans.

360 3444 403 3484 3.
470 3439 571 3482 The
598 3438 787 3482 SECOND
813 3439 980 3482 DOUBT
1015 3440 1068 3491 is,
1107 3439 1173 3482 Of
1193 3439 1316 3483 what
1340 3440 1455 3483 kind
1489 3446 1614 3489 must
1638 3441 1720 3485 the
1745 3442 2104 3500 Promulgation

269 3510 325 3555 of
344 3524 374 3553 a
393 3510 504 3553 Law
523 3510 583 3553 be
607 3508 711 3552 that
735 3509 773 3552 it
793 3523 901 3566 may
921 3509 981 3553 be
1005 3509 1277 3566 legitimate,
1299 3510 1392 3554 and
1413 3525 1521 3569 may
1539 3512 1709 3556 induce
1731 3527 1792 3555 an
1815 3514 2099 3571 Obligation.

361 3581 448 3624 We
475 3581 621 3638 reply,
654 3581 794 3632 First,
826 3580 927 3624 The
957 3581 1095 3624 mode
1122 3595 1231 3638 may
1254 3595 1380 3639 vary,
1404 3582 1453 3625 in
1478 3583 1589 3627 rites
1614 3583 1707 3627 and
1733 3584 2103 3637 circumstanceS,

266 3652 516 3709 according
540 3656 589 3695 to
621 3651 702 3695 the
727 3656 930 3696 customs
963 3652 1017 3695 of
1037 3652 1254 3696 different
1287 3653 1497 3706 nations3
1527 3654 1613 3697 but
1645 3654 1709 3698 all
1743 3669 1880 3713 agree
1912 3657 1962 3699 in
1996 3656 2103 3710 this,

269 3723 372 3767 that
397 3723 478 3767 the
499 3722 735 3780 legislator
756 3727 880 3767 must
905 3737 1090 3781 express
1110 3722 1182 3768 his
1207 3723 1319 3767 Will
1343 3725 1406 3783 by
1425 3738 1554 3769 some
1580 3725 1929 3785 external'sign.
