2482 4166
406 281 439 333 6
789 290 876 333 DE
918 289 1004 333 DE
1010 289 1119 333 FIN
1120 289 1302 334 ITION
1305 291 1344 333 E
1390 291 1554 335 CONS
1560 291 1708 335 OIEN
1712 292 1837 335 '1¹1AE
1845 323 1857 335 .

409 418 487 471 Ac
517 416 560 470 si
589 416 803 471 dixisset
832 411 972 472 οἶδεν
1011 414 1041 472 ὁ
1072 413 1334 494 Χριστός,
1372 412 1587 473 σύνοιδα
1616 415 1799 492 κᾶνγώ·
1844 421 1967 472 Scit
1990 419 2239 482 Christus,

407 518 506 572 ego
543 499 700 553 etiam
738 502 961 553 conscio.
1062 501 1359 575 Μαρτυρεῖ
1402 496 1433 554 ὁ
1481 499 1744 574 Χριστὸς,
1788 503 2163 577 συμμαρτυρεῖ
2205 498 2238 567 ἦ

405 576 733 647 suveldun-cs:
775 586 1010 635 testatur‘
1030 581 1281 644 ChristuS‚
1314 592 1641 635 contestatur
1670 590 1723 635 et
1751 582 2073 635 conscientia.
2115 584 2242 635 Esto

408 664 571 735 igitur
599 664 711 715 haec
731 665 924 732 prima
946 662 1083 715 vocis
1116 662 1249 715 ratio
1274 681 1286 715 ε
1331 665 1728 716 Conscientiam
1762 681 1828 716 ex
1868 682 1928 716 eo
1958 663 2074 729 dici,
2105 663 2244 734 quod

410 745 550 798 facta
577 744 797 796 hominis
827 743 928 796 sint
955 746 1068 813 ipsi
1097 743 1303 815 cognita
1331 744 1495 806 simul,
1527 752 1580 797 et
1608 748 1741 798 Deo.

535 827 633 881 VI.
718 825 899 878 Altero
940 825 1092 878 modo
1136 825 1323 878 dicitur
1373 826 1656 894 conjuncta
1684 828 1937 896 plurium
1976 829 2242 888 Scientia,

412 908 556 962 velut
602 909 952 976 objectorum,
989 906 1097 960 sive
1138 909 1446 960 Scitorum:
1490 926 1604 959 cum
1639 907 1829 960 scilicet
1859 908 2245 977 unusquispiam

403 992 580 1062 plura
608 989 758 1041 simul
785 988 894 1049 scit,
924 988 1008 1042 vel
1037 988 1196 1058 (quod
1222 989 1402 1041 eodem
1430 988 1633 1057 recidit)
1663 991 1845 1058 plures
1871 991 2113 1050 notitias,
2145 989 2246 1041 dis-

412 1071 602 1124 tinctas
630 1070 764 1131 licet,
789 1072 1062 1138 conjunyit
1090 1076 1265 1123 tamen
1288 1076 1341 1122 et
1362 1069 1579 1122 invicem
1604 1070 1843 1140 applicat.
1899 1071 2054 1123 Unde
2080 1070 2247 1123 oritur

411 1153 649 1206 secunda
686 1150 824 1203 vocis
860 1151 1008 1213 ratio,
1046 1168 1162 1220 quae
1196 1151 1390 1220 placuit
1440 1153 1659 1203 Thomae
1698 1158 1752 1204 et
1793 1150 2050 1221 plerisque
2088 1154 2247 1204 Scho-

416 1235 770 1292 lasticorum3
825 1238 897 1294 et,
935 1232 1074 1301 quod
1106 1231 1175 1284 ad
1209 1231 1491 1283 eruendam
1539 1233 1885 1285 Conscientiae
1919 1240 2156 1285 naturam
2195 1240 2249 1285 et

411 1314 517 1368 vim
545 1314 710 1366 facem
739 1313 987 1383 praeferat
1014 1313 1155 1365 haud
1183 1312 1431 1375 inutilem,
1461 1311 1614 1365 alteri
1642 1313 1715 1364 illi
1744 1313 1856 1383 jam
1886 1313 2035 1366 dictae
2064 1313 2247 1366 merito

414 1395 742 1467 praeferenda
795 1394 1039 1447 videtur:
1107 1412 1293 1463 nempe
1355 1396 1745 1448 Conscientiam
1798 1402 2078 1465 propterea
2133 1395 2246 1457 dici,

414 1478 536 1547 quia
556 1478 841 1530 scientiam
868 1478 1104 1529 scientiae
1134 1477 1438 1544 conjunyit;
1482 1476 1745 1528 scientiam
1774 1494 1838 1529 sc.
1884 1478 2251 1530 Universalem

415 1559 523 1613 sive
551 1560 726 1620 Juris,
768 1557 991 1610 scientiae
1019 1559 1376 1610 Particulari
1411 1557 1518 1609 sive
1552 1560 1734 1619 Facti,
1774 1557 2077 1627 applicando
2117 1558 2250 1609 hanc

415 1640 484 1694 ad
534 1639 692 1693 illam.
779 1640 900 1691 Uno
950 1645 1004 1692 et
1048 1638 1215 1691 altero
1259 1639 1481 1690 adducto
1528 1638 1761 1708 exemplo
1807 1656 1918 1690 rem
1963 1638 2247 1700 illustrabO,

418 1724 451 1775 1
485 1724 631 1775 Sam.
669 1720 809 1774 xxiv.
849 1723 899 1774 6.
945 1722 1235 1782 Davidem,
1265 1720 1466 1782 dicitur,
1498 1739 1587 1774 cor
1611 1722 1786 1789 ipsius
1818 1722 2082 1782 cecidisse,
2112 1727 2250 1790 post-

409 1821 572 1876 quam
600 1802 737 1855 alam
765 1802 1056 1855 vestimenti
1085 1803 1279 1855 Saulis
1307 1801 1605 1855 abscidisset
1631 1801 1686 1853 in
1714 1801 1985 1870 spelunca:
2029 1802 2125 1853 hoc
2155 1809 2248 1865 est,

415 1883 639 1956 pupugit
677 1902 793 1937 eum
833 1886 1158 1937 conscientia
1199 1902 1316 1936 sua.
1404 1884 1650 1936 Putemus
1694 1882 1933 1934 nimirum
1974 1885 2251 1935 Davidem

417 1966 558 2035 apud
586 1964 812 2017 animum
840 1984 987 2018 suum
1011 1964 1087 2017 ita
1113 1964 1371 2027 locutum3
1416 1966 1540 2018 Scio
1568 1982 1671 2016 non
1701 1964 1891 2017 debere
1923 1966 2033 2017 vim
2074 1964 2250 2016 afferri

417 2064 580 2101 sacrae
599 2065 845 2115 personae
873 2048 1075 2114 Refice,
1107 2047 1238 2099 Seio
1264 2045 1419 2098 etiam
1454 2045 1509 2098 id
1542 2045 1837 2115 nuperrime
1870 2063 1903 2098 a
1938 2063 2021 2098 me
2059 2045 2251 2098 factum

418 2129 559 2198 quod
589 2146 621 2180 a
660 2130 717 2180 vi
759 2129 1042 2197 inferenda
1071 2144 1349 2197 perparum
1377 2128 1556 2179 abesse
1585 2127 1823 2179 videtur:
1863 2144 2048 2179 vereor
2076 2126 2250 2196 itaque

419 2228 486 2262 ne
514 2209 723 2261 fecerim
753 2209 890 2279 quod
903 2211 1057 2276 forte
1089 2226 1195 2260 non
1224 2210 1510 2270 debuerim,
1555 2213 1608 2260 et
1642 2207 1838 2279 gratias
1866 2225 1966 2278 ago
1993 2209 2107 2260 Deo
2136 2226 2249 2260 meo

419 2291 510 2361 qui
538 2309 746 2343 manum
775 2308 941 2342 meam
970 2289 1216 2343 abstinuit
1241 2308 1306 2342 ne
1341 2289 1565 2342 facerem
1595 2288 1733 2358 quod
1776 2299 1912 2342 certe
1953 2308 2059 2342 non
2094 2291 2251 2342 debu-

419 2391 586 2425 eram.
668 2372 753 2424 Sic
801 2373 964 2424 Judoe
1012 2371 1264 2441 proditori
1309 2370 1496 2440 objecit
1535 2372 1862 2423 conscientia
1902 2389 2005 2424 sua
2029 2390 2046 2422 :
2089 2372 2253 2423 Nosti

419 2453 681 2506 dominum
720 2471 823 2504 non
855 2452 1010 2505 fuisse
1038 2455 1394 2521 prodendum,
1440 2459 1493 2504 et
1533 2452 1670 2504 idem
1709 2454 1851 2505 nosti
1888 2458 1943 2504 te
1985 2470 2102 2504 eum
2144 2458 2252 2504 tur-

419 2534 557 2604 piter
589 2536 917 2602 prodidisse.
1003 2532 1297 2585 Accedente
1336 2533 1473 2584 hunc
1516 2532 1571 2583 in
1611 2532 1819 2584 modum
1861 2532 2140 2585 universali
2175 2532 2250 2584 illi

421 2616 582 2666 Juris
618 2616 841 2674 notitioe,
890 2630 1006 2681 quae
1053 2620 1132 2665 est
1175 2613 1230 2665 in
1275 2620 1463 2675 mente,
1514 2615 1682 2665 Facti
1726 2612 1881 2664 etiam
1926 2612 2251 2682 particularis

420 2693 650 2763 (admissi
691 2693 897 2755 scilicet,
938 2692 1020 2746 vel
1062 2693 1388 2761 admittendi)
1431 2695 1644 2754 notitia,
1681 2692 1830 2761 eique
1876 2693 2157 2760 conjuncta
2195 2700 2249 2746 et

421 2776 721 2846 applicata,
752 2781 806 2827 et
835 2792 949 2826 cum
978 2791 1040 2826 ea
1078 2774 1278 2836 collata,
1321 2774 1554 2845 exsurgit
1591 2779 1757 2826 totum
1788 2773 1915 2825 illud
1953 2773 2092 2842 quod
2130 2773 2251 2826 dici-

419 2874 533 2908 mus
570 2857 974 2910 Conscientiam.
1062 2856 1298 2908 Firmant
1324 2855 1458 2907 hanc
1484 2854 1701 2907 nominis
1724 2853 1978 2906 rationem
2005 2853 2060 2905 id
2088 2872 2252 2925 genus

419 2937 715 2999 locutioneS,
746 2955 863 3006 quae
891 2955 986 3007 per
1013 2937 1221 2989 modum
1249 2937 1693 3005 reciprocationis
1720 2935 2020 2997 efferuntur,
2050 2942 2104 2987 et
2132 2942 2251 2988 sunt

421 3018 477 3072 in
532 3019 630 3072 hoc
678 3036 871 3089 genere
917 3017 1374 3087 frequentissimae:
1432 3015 1714 3087 cujusmodi
1754 3022 1875 3069 sunt
1918 3014 2251 3068 Isocratieum

508 3195 552 3236 6.
616 3191 718 3236 The
747 3193 911 3236 notion
939 3193 1053 3237 here
1085 3194 1406 3246 commended,
1434 3193 1539 3238 that
1573 3194 1824 3238 Conscience
1852 3194 2034 3251 implies
2066 3208 2095 3237 a
2125 3207 2250 3237 eom-

418 3262 563 3307 bined.
592 3261 865 3320 knowledge
891 3263 946 3307 of
970 3264 1051 3307 the
1075 3264 1322 3308 Universal
1345 3265 1456 3308 Law
1480 3265 1573 3308 and
1598 3264 1652 3308 of
1669 3264 1751 3308 the
1777 3264 2038 3308 Particular
2061 3264 2177 3307 Fact
2201 3269 2251 3307 to

422 3332 572 3376 which
601 3332 639 3376 it
663 3333 855 3390 applies,
874 3334 913 3377 is
938 3334 1123 3378 further
1149 3334 1407 3392 developed
1431 3335 1789 3392 subsequently3
1824 3334 1978 3378 where
2003 3333 2135 3377 these
2159 3338 2250 3376 two

422 3403 646 3447 elements
678 3403 733 3446 of
760 3403 1042 3448 Conscienee
1074 3418 1155 3448 are
1184 3405 1367 3448 termed
1399 3405 1641 3462 Synteresis
1671 3405 1765 3448 and
1797 3404 2071 3462 Syneidesi35
2102 3417 2168 3454 or,
2198 3416 2249 3446 as

421 3486 491 3516 we
522 3487 630 3529 may
650 3473 860 3518 describe
885 3474 1014 3518 them
1042 3475 1092 3518 in
1116 3475 1325 3532 English,
1354 3475 1603 3519 Conscience
1629 3476 1695 3519 the
1725 3475 1854 3524 Law,
1883 3473 1976 3516 and
1999 3472 2249 3516 Conscience

420 3542 488 3585 the
514 3542 715 3586 Witness.
795 3544 884 3588 See
909 3545 1131 3589 Elements
1156 3548 1216 3602 of
1230 3546 1467 3602 Morality,
1490 3549 1563 3598 650.
1591 3545 1692 3588 Art.
1716 3548 1816 3595 264,
1842 3546 1942 3585 265.

512 3612 685 3668 Taylor
704 3613 800 3656 also
810 3615 976 3671 (Chap.
991 3628 1024 3659 1.
1039 3615 1140 3659 Art.
1159 3614 1237 3669 24)
1255 3616 1420 3673 adopts
1436 3616 1559 3658 from
1575 3614 1792 3670 Aquinas,
1807 3611 1911 3655 that
1931 3611 2247 3655 “Conscience

419 3680 459 3723 is
493 3693 522 3723 a
562 3682 861 3736 conjunction
893 3684 947 3727 of
980 3685 1062 3729 the
1096 3685 1328 3730 universal
1363 3684 1585 3743 practical
1616 3683 1704 3726 law
1735 3682 1846 3725 with
1876 3681 1959 3725 the
1994 3681 2248 3738 particular

422 3749 574 3793 moral
602 3751 802 3794 action.”
