2482 4166
792 271 1175 317 PRAELEOTIO
1218 272 1486 318 OCTAVA.
1956 272 2061 323 243

226 406 345 457 lata
372 407 451 455 est
479 406 533 454 et
560 401 875 471 sufficienter
891 401 1265 470 promulqata‚
1295 398 1425 451 nihil
1461 398 1602 452 ultra
1644 399 1778 453 desit
1820 403 1959 470 quod
1994 404 2064 458 ad

222 483 576 553 complendam
633 483 743 554 ejus
786 482 1057 535 essentiam
1097 481 1427 550 requiratur3
1484 480 1688 533 omnino
1733 485 2063 553 consequitur

224 568 385 635 leycm
412 565 482 618 sic
509 565 668 619 latam
698 572 752 618 et
780 564 1160 635 promulgatam
1188 565 1378 616 statim
1402 562 1647 615 inducere
1677 563 2060 635 obligationem.

220 649 405 719 Neque
431 647 724 700 inconvenit
750 646 890 698 nasci
917 664 1066 716 posse
1093 645 1148 696 in
1176 644 1323 697 nobis
1353 645 1732 713 obliyationem
1760 663 1855 715 per
1884 647 2063 699 volun-

221 737 382 783 tatem
411 736 464 782 et
501 730 694 782 factum
736 727 950 781 alterius
993 727 1172 791 solum,
1213 725 1360 778 nobis
1395 726 1552 779 etiam
1590 727 1972 791 nescientibus3
2017 729 2062 782 si

222 814 481 882 obliyatio
506 812 594 864 illa
631 812 825 864 habeat
861 809 1114 862 rationem
1157 810 1327 862 debiti
1363 810 1606 871 moralia,
1651 816 1711 862 ut
1748 809 2062 879 loquuntur:

222 894 320 948 etsi
356 894 411 946 in
449 895 868 963 obl-iyationibus
909 899 963 945 et
1006 890 1191 945 debitis
1233 908 1350 961 quae
1393 890 1631 944 oriuntur
1667 910 1730 945 ex
1759 903 2060 957 contractu,

220 976 373 1029 aliter
400 994 457 1028 se
483 994 570 1029 res
597 976 804 1028 habeat.

333 1058 458 1112 VII.
548 1058 785 1110 DUBmM
832 1073 1135 1119 QUARTUM3
1180 1061 1434 1125 quatenus
1481 1057 1563 1109 lex
1604 1056 1790 1110 afficiat
1817 1075 1919 1120 eOS,
1951 1057 2063 1128 qui-

221 1140 331 1202 buS,
370 1146 642 1211 postquam
676 1141 991 1209 sufficienter
1019 1139 1374 1208 promulyata
1409 1144 1502 1200 est,
1537 1145 1629 1191 aut
1671 1146 1788 1209 post
1830 1139 2063 1209 elapsum

220 1230 424 1293 tempus
457 1222 573 1294 lege
610 1222 957 1284 constitutum,
1004 1232 1132 1274 actu
1173 1227 1348 1273 tamen
1390 1239 1494 1272 non
1535 1221 1852 1274 innotescit?
1909 1223 2063 1285 Quod

222 1313 302 1357 est
331 1323 580 1374 quaerere,
608 1323 676 1357 an
705 1303 785 1358 cui
816 1305 897 1357 lem
923 1313 1051 1357 actu
1077 1305 1294 1372 coynita
1334 1322 1441 1356 non
1479 1314 1571 1366 est,
1604 1311 1697 1357 aut
1730 1306 1903 1374 σαίρω
1940 1322 2061 1357 reus

221 1386 303 1449 sit,
333 1387 409 1440 ita
435 1394 495 1440 ut
523 1393 699 1457 peccet
727 1386 769 1439 si
798 1393 979 1439 contra
1010 1387 1171 1455 leyem
1198 1384 1368 1447 faciat,
1399 1391 1491 1438 aut
1521 1405 1739 1455 paenam
1782 1393 2062 1456 propterea

221 1476 500 1532 mereatur,
533 1487 687 1539 quam
717 1470 799 1523 lex
837 1467 1251 1538 delinquentibus
1288 1468 1489 1539 irrogat
1507 1468 1536 1519 ?
1596 1468 1752 1520 Ratio
1790 1468 2062 1521 dubitandi

222 1558 316 1613 est,
348 1570 413 1603 ex
441 1569 545 1603 una
572 1557 738 1621 parte,
770 1549 891 1620 quia
918 1550 1116 1602 frustra
1144 1556 1224 1602 est
1260 1551 1537 1618 obliyatio,
1576 1549 1660 1602 vel
1690 1548 1863 1619 potius
1901 1550 2061 1614 nulla,

222 1651 338 1702 quae
365 1651 461 1685 nec
488 1633 557 1686 ad
585 1634 803 1701 culpam
824 1631 1037 1702 obligat,
1066 1649 1161 1683 nec
1189 1631 1257 1684 ad
1272 1650 1511 1701 poenam.
1582 1633 1666 1684 Ex
1693 1631 1860 1684 altera
1892 1640 2061 1702 parte,

221 1723 332 1768 tum
362 1714 484 1786 quia
511 1714 792 1767 absurdum
821 1713 1044 1776 videtur,
1074 1720 1134 1766 ut
1159 1713 1273 1782 quis
1303 1715 1568 1783 obliyetur
1610 1716 1688 1766 ad
1715 1716 2060 1785 impossibile,

219 1804 276 1850 at
304 1803 445 1850 certe
486 1796 655 1869 legem
698 1813 924 1857 servare,
969 1814 1123 1865 quam
1167 1795 1379 1857 nesciaS,
1424 1798 1753 1866 impossibile
1796 1804 1907 1850 est:
1951 1805 2063 1852 tum

220 1879 376 1932 etiam
420 1879 541 1949 quia
586 1898 615 1931 e
658 1879 857 1931 duobus
905 1880 1036 1948 leyis
1077 1896 1194 1947 quae
1237 1877 1458 1930 diximus
1501 1878 1687 1940 officiis,
1732 1897 1939 1932 necesse
1982 1887 2062 1934 est

219 1964 498 2031 diriyendi
537 1961 676 2014 illam
719 1960 841 2022 vim,
881 1967 941 2013 ut
978 1967 1167 2013 natura
1209 1960 1450 2029 priorem,
1491 1960 1710 2012 alteram
1751 1960 1891 2013 illam
1931 1964 2063 2015 obli-

218 2046 394 2112 9andi
431 2043 536 2096 vim
575 2043 896 2104 antecedere,
944 2042 1018 2094 ita
1060 2049 1119 2093 ut
1147 2042 1232 2093 lex
1260 2048 1483 2110 nequeat
1512 2043 1753 2110 obliyare
1781 2043 1878 2094 nisi
1907 2061 2062 2113 quem

220 2127 435 2193 diriqit‚
467 2127 704 2193 diriyere
732 2131 906 2176 autem
934 2141 1037 2174 non
1062 2129 1234 2192 potest
1261 2122 1360 2174 nisi
1397 2122 1464 2175 sit
1501 2126 1731 2193 coquita.
1812 2126 1929 2178 Hoc
1968 2126 2061 2178 im-

220 2206 398 2276 primis
427 2207 703 2275 supposit0,
736 2205 873 2275 quod
901 2204 1091 2256 nullam
1123 2204 1350 2257 admittit
1379 2204 1766 2268 dubitationem,
1791 2208 2061 2265 ,subditum

220 2287 302 2340 cui
330 2287 417 2339 lex
445 2294 564 2339 actu
590 2286 795 2358 cognita
824 2293 917 2347 est,
946 2285 1166 2356 obligari
1194 2293 1248 2338 et
1277 2289 1354 2338 ad
1381 2289 1599 2356 culpam
1625 2295 1678 2341 et
1704 2291 1782 2341 ad
1799 2309 2017 2358 poenam
2041 2312 2059 2344 :

220 2370 359 2439 quod
396 2369 464 2421 ad
499 2371 809 2438 iynorantes
850 2370 1009 2437 leyem
1035 2368 1236 2430 attinet,
1267 2386 1363 2438 pro
1392 2370 1722 2439 responsione
1751 2373 1820 2423 ad
1850 2372 2062 2425 dubium

221 2451 557 2522 propositum,
588 2452 729 2505 Dico
752 2453 949 2523 primo,
988 2450 1077 2519 qui
1120 2450 1291 2522 legem
1327 2450 1537 2522 ignorat
1571 2471 1637 2505 ex
1670 2472 1861 2507 crassa
1893 2456 2060 2524 neyli-

226 2642 345 2686 have
371 2656 517 2695 come,
537 2656 592 2686 or
611 2643 761 2700 might
784 2643 903 2687 have
923 2657 1055 2688 come
1082 2657 1133 2688 so
1164 2644 1239 2687 far
1264 2658 1313 2687 as
1346 2643 1593 2701 depended
1620 2657 1682 2687 011
1701 2643 1784 2687 the
1804 2644 2056 2701 legislator.

225 2714 323 2757 For
356 2713 438 2757 the
474 2714 730 2770 obligation
765 2715 804 2758 is
838 2715 921 2759 the
952 2716 1090 2758 effect
1121 2715 1176 2758 of
1207 2715 1288 2758 the
1319 2715 1431 2757 Law
1461 2728 1511 2758 as
1541 2715 1666 2767 Law,
1696 2715 1791 2758 and
1828 2715 1940 2760 does
1976 2720 2062 2760 not

227 2784 412 2842 depend
434 2797 495 2828 on
515 2784 597 2828 the
616 2785 891 2843 knowledge
917 2786 972 2829 of
985 2786 1102 2830 each
1126 2786 1321 2843 subJect.

314 2856 419 2899 Nor
442 2855 482 2899 is
501 2855 583 2899 the
604 2856 838 2913 obJection
867 2857 1004 2909 valid,
1025 2857 1131 2901 that
1155 2871 1223 2901 we
1244 2871 1354 2914 may
1378 2856 1486 2900 thus
1511 2857 1572 2900 be
1596 2856 1802 2913 brought
1822 2857 1974 2900 under
1997 2871 2059 2901 an

225 2925 482 2983 obligation
506 2926 703 2970 without
736 2927 956 2985 knowing
985 2928 1046 2972 it:
1080 2928 1173 2971 this
1199 2928 1456 2984 obligation
1480 2927 1622 2984 being
1646 2941 1675 2970 a
1698 2927 1848 2970 moral
1880 2927 2058 2984 obliga-

221 2997 336 3040 tion.
401 2997 458 3040 In
483 3002 678 3041 matters
704 2998 758 3041 of
779 2999 1002 3042 Contract
1026 2999 1065 3042 it
1084 2999 1122 3041 is
1144 2998 1375 3041 different.

315 3069 358 3112 7.
421 3068 622 3111 Fomzm
646 3069 838 3111 DoUBT:
878 3068 1033 3111 When
1067 3068 1149 3112 the
1182 3069 1308 3120 Law,
1342 3067 1520 3123 though
1549 3067 1826 3124 sufficiently
1849 3068 2057 3124 promul-

223 3137 378 3193 gated,
416 3137 455 3179 is
492 3138 541 3179 in
575 3137 674 3180 fact
700 3144 784 3181 not
817 3138 988 3181 known
1019 3143 1070 3181 to
1102 3152 1195 3194 any
1229 3151 1414 3195 person,
1441 3137 1547 3179 how
1580 3137 1654 3179 far
1687 3137 1799 3180 does
1832 3138 1870 3180 it
1905 3138 2060 3195 oblige

223 3206 353 3248 him?
414 3205 538 3249 That
568 3207 636 3257 is;
684 3206 821 3250 when
849 3221 879 3249 a
907 3221 1080 3264 person
1114 3209 1153 3251 is
1190 3208 1241 3250 111
1274 3208 1372 3251 fact
1402 3208 1620 3263 ignorant
1651 3207 1706 3249 of
1744 3207 1826 3250 the
1855 3208 1980 3260 Law,
2020 3209 2064 3252 if

224 3276 286 3320 he
304 3276 475 3319 violate
495 3276 546 3326 it,
566 3276 604 3319 is
623 3276 684 3319 he
704 3277 855 3320 either
875 3278 1103 3334 culpable,
1125 3292 1179 3321 or
1197 3278 1338 3321 liable
1359 3282 1409 3320 to
1434 3277 1515 3320 the
1535 3277 1728 3335 penalty
1749 3278 1802 3321 of
1816 3278 1897 3322 the
1917 3279 2059 3321 Law?

318 3346 419 3389 The
438 3346 663 3403 difficulty
686 3347 827 3390 arises
851 3346 975 3390 from
999 3348 1105 3399 this,
1129 3348 1233 3391 that
1254 3362 1316 3391 on
1340 3347 1422 3390 the
1443 3361 1532 3390 one
1556 3347 1696 3398 hand,
1718 3362 1779 3390 an
1804 3348 2061 3406 obligation

224 3416 389 3468 which,
403 3416 620 3469 violated,
644 3417 803 3460 makes
829 3431 857 3460 a
881 3432 991 3460 man
1010 3418 1195 3462 neither
1219 3418 1447 3475 culpable,
1467 3431 1555 3461 nor
1566 3418 1856 3475 punishable,
1877 3420 1917 3463 is
1940 3419 2061 3464 frus-

226 3487 396 3531 trated.
476 3487 551 3530 On
590 3486 672 3530 the
710 3487 846 3531 other
879 3487 1022 3540 hand,
1055 3489 1093 3531 it
1126 3489 1166 3532 is
1202 3489 1375 3532 absurd
1405 3488 1511 3532 that
1550 3502 1642 3546 any
1675 3502 1765 3533 one
1798 3489 1966 3533 should
2000 3490 2061 3535 be

227 3558 379 3602 under
409 3571 470 3600 an
508 3557 764 3614 obligation
796 3562 846 3602 to
881 3559 1004 3602 what
1039 3560 1078 3603 is
1107 3559 1400 3617 impossible:
1441 3559 1536 3602 and
1570 3559 1608 3602 it
1638 3560 1676 3603 is
1713 3560 1980 3618 impossible
2010 3566 2061 3605 to

229 3629 350 3686 obey
385 3642 414 3671 a
444 3628 532 3671 law
566 3628 717 3672 which
752 3643 847 3687 you
878 3630 938 3673 do
974 3634 1058 3673 not
1087 3630 1239 3675 know.
1303 3630 1403 3673 The
1433 3630 1610 3673 former
1640 3631 1770 3674 office
1802 3631 1857 3674 of
1881 3646 1909 3674 a
1937 3632 2063 3684 Law,

229 3703 280 3743 to
319 3699 481 3752 direct,
511 3700 733 3758 precedes
765 3700 848 3746 the
879 3701 1033 3754 latter,
1058 3706 1108 3746 to
1136 3701 1290 3760 oblige
1323 3700 1420 3757 [see
1458 3701 1583 3745 Sect.
1610 3696 1684 3757 2]:
1720 3702 1801 3746 the
1832 3702 1944 3746 Law
1975 3688 2063 3746 can

1700 3785 1887 3835 16—2
