2482 4166
332 264 454 317 xviii
1045 266 1460 315 SUMMARIUM.

492 397 522 438 4
540 407 637 450 sqq.
688 392 887 436 DUBIUM
908 392 1176 435 SECUNDUM.

793 462 870 506 An
889 460 1179 517 Legislatoris
1198 459 1270 511 sit,
1295 458 1503 501 omnium
1522 458 1748 504 virtutum
1765 465 1892 506 aetus
1911 463 2163 519 praecipere,

851 536 898 576 et
927 531 1080 575 omnia
1107 533 1290 586 peecata
1316 528 1568 584 prohibere.

478 608 507 650 9
542 619 639 662 sqq.
690 605 890 649 DUBnJM
912 603 1151 646 TERTIUM.

794 673 994 717 Intentio
1015 670 1304 726 Legislatoris
1324 670 1484 726 quanti
1503 669 1562 714 sit
1581 669 1639 715 ad
1657 670 1869 716 effectum
1889 669 2145 727 obligandiz

452 747 509 788 12
529 758 626 801 sqq.
691 743 892 787 DUBIUM
911 741 1168 797 QUARTUM.

795 812 865 855 De
887 811 1062 866 Legum
1081 807 1412 852 immutatione.

451 887 505 928 15
686 883 886 927 ΒυΒΙσΜ
907 880 1148 936 QmNTUM.

794 951 863 995 De
883 950 1022 995 totius
1043 948 1293 1004 Regiminis
1315 947 1496 992 Politiei
1514 946 1660 991 forma
1678 947 1976 993 immutanda.

451 1026 509 1067 16
687 1021 887 1064 ΒυΒΙυΜ
908 1020 1114 1062 SEXTUM.

794 1090 984 1134 Dictum
1011 1087 1140 1141 illud,
1164 1089 1293 1132 Salus
1312 1089 1472 1142 Populi
1501 1102 1703 1143 suprema
1723 1090 1835 1143 Lex,
1853 1093 1908 1132 ut
1926 1089 1984 1132 sit
2002 1088 2169 1133 intelli-

854 1157 1066 1214 gendum.

524 1517 834 1572 DECIMAE
882 1514 1446 1569 PRAELECTIONIS
1502 1512 1975 1587 SUMMARIUM.

339 1661 466 1705 Smer.
482 1664 506 1705 1
533 1674 631 1717 sqq.
694 1660 816 1703 Ante
836 1659 1059 1704 dictorum
1078 1657 1291 1701 recensio.

482 1734 513 1776 4
691 1730 762 1773 De
788 1730 928 1786 hujus
954 1728 1230 1784 Aphorismi,
1264 1728 1396 1771 Salus
1426 1728 1586 1782 Populi
1604 1740 1807 1782 suprema
1826 1726 1938 1778 Lem,
1972 1722 2166 1780 genuino

697 1814 844 1852 sensu,
876 1799 1022 1842 denuo
1052 1798 1312 1853 inquiritur.

483 1870 512 1919 ’7
694 1869 818 1925 Quid
838 1871 1003 1913 Salutis
1022 1868 1239 1912 vocabulo
1259 1867 1607 1924 intelligendum
1621 1882 1636 1911 ε

482 1945 511 1984 8
531 1954 628 1997 sqq.
693 1940 756 1983 Et
786 1939 896 1995 quid
924 1940 1097 1994 Populi.

458 2014 511 2056 11
534 2026 601 2067 sq.
693 2009 926 2054 Vocabula
963 2009 1197 2054 collectiva
1234 2009 1414 2066 quando
1450 2008 1682 2053 collective
1721 2007 1842 2052 sumi
1882 2006 2085 2060 debeant,
2120 2007 2167 2048 et

684 2080 864 2136 quando
894 2080 1142 2124 discretive.

454 2153 510 2196 13
696 2151 824 2194 Salus
853 2150 1019 2205 Populi
1046 2149 1269 2206 Principis
1297 2148 1435 2192 etiam
1464 2147 1658 2192 salutem
1688 2146 1878 2192 includit
1890 2160 1908 2199 ς

454 2226 511 2267 14
530 2236 596 2278 sq.
692 2235 882 2276 eamque
910 2220 1148 2275 praeeipue.

456 2295 512 2336 16
690 2279 950 2334 Necessario
997 2288 1233 2332 statuenda
1274 2291 1341 2331 est
1389 2288 1439 2330 in
1481 2286 1607 2331 omni
1640 2284 1890 2342 Republica
1928 2281 2167 2327 auctoritas

684 2360 849 2416 aliqua,
882 2374 981 2415 quae
1011 2359 1068 2402 sit
1098 2359 1223 2402 omni
1254 2358 1373 2414 Lege
1405 2357 1640 2414 Superior:

452 2431 509 2480 17
527 2445 592 2488 sq.
806 2443 959 2484 ...quae
980 2442 1072 2472 non
1091 2432 1237 2483 potest
1256 2429 1313 2471 ad
1333 2428 1476 2471 alium
1497 2441 1636 2484 quam
1649 2424 1905 2481 Principem
1925 2423 2164 2481 pertinere.

454 2504 512 2545 19
694 2500 752 2543 In
780 2498 921 2554 hujus
948 2497 1210 2552 Aphorismi
1239 2497 1459 2551 originem
1488 2496 1749 2551 inquiritur.

453 2574 512 2614 20
692 2569 890 2613 Subditis
920 2567 1030 2624 quid
1056 2566 1187 2611 liceat
1216 2566 1301 2609 hae
1328 2566 1377 2609 in
1405 2571 1560 2622 parte:
1605 2570 1651 2609 et
1680 2568 1916 2620 quatenus.

457 2644 515 2685 22
693 2640 810 2695 Ejus
839 2640 906 2683 rei
933 2638 1108 2682 illustre
1138 2637 1416 2693 exemplum.
