<?xml version="1.0" encoding="UTF-8"?>
<!DOCTYPE html PUBLIC "-//W3C//DTD XHTML 1.0 Transitional//EN"
    "http://www.w3.org/TR/xhtml1/DTD/xhtml1-transitional.dtd">
<html xmlns="http://www.w3.org/1999/xhtml" xml:lang="en" lang="en">
 <head>
  <title>
</title>
<meta http-equiv="Content-Type" content="text/html;charset=utf-8" />
  <meta name='ocr-system' content='tesseract 3.04.00' />
  <meta name='ocr-capabilities' content='ocr_page ocr_carea ocr_par ocr_line ocrx_word'/>
</head>
<body>
  <div class='ocr_page' id='page_1' title='image "./deobligationecon00sanduoft_0081.png"; bbox 0 0 2482 4166; ppageno 0'>
   <div class='ocr_carea' id='block_1_1' title="bbox 686 242 1975 298">
    <p class='ocr_par' dir='ltr' id='par_1_1' title="bbox 686 242 1975 298">
     <span class='ocr_line' id='line_1_1' title="bbox 686 242 1975 298; baseline -0.001 -1"><span class='ocrx_word' id='word_1_1' title='bbox 686 251 1068 298; x_wconf 76' lang='lat' dir='ltr'><strong><em>PRAELEo&#39;rIo</em></strong></span> <span class='ocrx_word' id='word_1_2' title='bbox 1112 250 1427 295; x_wconf 75' lang='lat' dir='ltr'>SECUNDA.</span> <span class='ocrx_word' id='word_1_3' title='bbox 1908 242 1975 296; x_wconf 88' lang='lat'><strong><em>57</em></strong></span> 
     </span>
    </p>
   </div>
   <div class='ocr_carea' id='block_1_2' title="bbox 134 378 2006 2515">
    <p class='ocr_par' dir='ltr' id='par_1_2' title="bbox 134 378 1999 1943">
     <span class='ocr_line' id='line_1_2' title="bbox 134 378 1979 462; baseline -0.007 -19"><span class='ocrx_word' id='word_1_4' title='bbox 134 388 351 462; x_wconf 85' lang='lat' dir='ltr'><strong><em>peccati</em></strong></span> <span class='ocrx_word' id='word_1_5' title='bbox 366 405 386 447; x_wconf 89' lang='lat'><em>;</em></span> <span class='ocrx_word' id='word_1_6' title='bbox 429 390 521 437; x_wconf 86' lang='lat' dir='ltr'><strong><em>cur</em></strong></span> <span class='ocrx_word' id='word_1_7' title='bbox 548 400 651 435; x_wconf 90' lang='lat' dir='ltr'><strong><em>non</em></strong></span> <span class='ocrx_word' id='word_1_8' title='bbox 680 387 734 435; x_wconf 90' lang='lat' dir='ltr'><strong><em>et</em></strong></span> <span class='ocrx_word' id='word_1_9' title='bbox 760 380 834 433; x_wconf 89' lang='lat' dir='ltr'><strong><em>illi</em></strong></span> <span class='ocrx_word' id='word_1_10' title='bbox 859 380 1026 442; x_wconf 89' lang='lat' dir='ltr'><strong><em>liceat,</em></strong></span> <span class='ocrx_word' id='word_1_11' title='bbox 1059 378 1213 432; x_wconf 89' lang='lat' dir='ltr'><strong><em>etiam</em></strong></span> <span class='ocrx_word' id='word_1_12' title='bbox 1246 396 1330 430; x_wconf 91' lang='lat' dir='ltr'><strong><em>me</em></strong></span> <span class='ocrx_word' id='word_1_13' title='bbox 1359 395 1465 430; x_wconf 77' lang='lat' dir='ltr'><strong><em>non</em></strong></span> <span class='ocrx_word' id='word_1_14' title='bbox 1493 379 1763 439; x_wconf 77' lang='lat' dir='ltr'><strong><em>suadente,</em></strong></span> <span class='ocrx_word' id='word_1_15' title='bbox 1794 384 1979 448; x_wconf 88' lang='lat' dir='ltr'><strong><em>sponte</em></strong></span> 
     </span>
     <span class='ocr_line' id='line_1_3' title="bbox 144 458 1979 538; baseline -0.007 -13"><span class='ocrx_word' id='word_1_16' title='bbox 144 490 237 525; x_wconf 86' lang='lat' dir='ltr'><strong><em>sua</em></strong></span> <span class='ocrx_word' id='word_1_17' title='bbox 260 469 315 521; x_wconf 92' lang='lat' dir='ltr'><strong><em>id</em></strong></span> <span class='ocrx_word' id='word_1_18' title='bbox 343 467 509 538; x_wconf 90' lang='lat' dir='ltr'><strong><em>ipsum</em></strong></span> <span class='ocrx_word' id='word_1_19' title='bbox 537 470 802 536; x_wconf 91' lang='lat' dir='ltr'><strong><em>peccatum</em></strong></span> <span class='ocrx_word' id='word_1_20' title='bbox 829 463 1020 533; x_wconf 70' lang='lat' dir='ltr'><strong><em>eliyere</em></strong></span> <span class='ocrx_word' id='word_1_21' title='bbox 1038 462 1067 515; x_wconf 71' lang='grc'><strong><em>,9</em></strong></span> <span class='ocrx_word' id='word_1_22' title='bbox 1092 461 1194 513; x_wconf 90' lang='lat' dir='ltr'><strong><em>imo</em></strong></span> <span class='ocrx_word' id='word_1_23' title='bbox 1224 478 1316 513; x_wconf 91' lang='lat' dir='ltr'><strong><em>cur</em></strong></span> <span class='ocrx_word' id='word_1_24' title='bbox 1343 477 1447 512; x_wconf 90' lang='lat' dir='ltr'><strong><em>non</em></strong></span> <span class='ocrx_word' id='word_1_25' title='bbox 1475 466 1529 512; x_wconf 92' lang='lat' dir='ltr'><strong><em>et</em></strong></span> <span class='ocrx_word' id='word_1_26' title='bbox 1549 458 1675 511; x_wconf 93' lang='lat' dir='ltr'><strong><em>mihi</em></strong></span> <span class='ocrx_word' id='word_1_27' title='bbox 1701 458 1800 529; x_wconf 91' lang='lat' dir='ltr'><strong><em>ipsi</em></strong></span> <span class='ocrx_word' id='word_1_28' title='bbox 1827 459 1979 512; x_wconf 91' lang='lat' dir='ltr'><strong><em>liceat</em></strong></span> 
     </span>
     <span class='ocr_line' id='line_1_4' title="bbox 144 541 1981 620; baseline -0.007 -14"><span class='ocrx_word' id='word_1_29' title='bbox 144 553 197 608; x_wconf 90' lang='lat' dir='ltr'><strong><em>id</em></strong></span> <span class='ocrx_word' id='word_1_30' title='bbox 235 557 348 605; x_wconf 90' lang='lat' dir='ltr'><strong><em>tuto</em></strong></span> <span class='ocrx_word' id='word_1_31' title='bbox 376 552 585 620; x_wconf 86' lang='lat' dir='ltr'><strong><em>faeere,</em></strong></span> <span class='ocrx_word' id='word_1_32' title='bbox 617 546 754 617; x_wconf 90' lang='lat' dir='ltr'><strong><em>quod</em></strong></span> <span class='ocrx_word' id='word_1_33' title='bbox 792 552 934 598; x_wconf 89' lang='lat' dir='ltr'><strong><em>recte</em></strong></span> <span class='ocrx_word' id='word_1_34' title='bbox 962 546 1225 598; x_wconf 75' lang='lat' dir='ltr'><strong><em>suadeam</em></strong></span> <span class='ocrx_word' id='word_1_35' title='bbox 1256 542 1455 596; x_wconf 79' lang='lat' dir='ltr'><strong><em>alteri?</em></strong></span> <span class='ocrx_word' id='word_1_36' title='bbox 1496 541 1552 594; x_wconf 93' lang='lat' dir='ltr'><strong><em>id</em></strong></span> <span class='ocrx_word' id='word_1_37' title='bbox 1580 548 1673 604; x_wconf 90' lang='lat' dir='ltr'><strong><em>est,</em></strong></span> <span class='ocrx_word' id='word_1_38' title='bbox 1715 559 1745 594; x_wconf 93' lang='lat' dir='ltr'><strong><em>e</em></strong></span> <span class='ocrx_word' id='word_1_39' title='bbox 1774 543 1981 594; x_wconf 88' lang='lat' dir='ltr'><strong><em>duobus</em></strong></span> 
     </span>
     <span class='ocr_line' id='line_1_5' title="bbox 136 623 1981 707; baseline -0.007 -19"><span class='ocrx_word' id='word_1_40' title='bbox 136 635 435 707; x_wconf 82' lang='lat' dir='ltr'><strong><em>propositis</em></strong></span> <span class='ocrx_word' id='word_1_41' title='bbox 455 632 699 702; x_wconf 86' lang='lat' dir='ltr'><strong><em>peccatis</em></strong></span> <span class='ocrx_word' id='word_1_42' title='bbox 717 629 910 701; x_wconf 85' lang='lat' dir='ltr'><strong><em>eligere</em></strong></span> <span class='ocrx_word' id='word_1_43' title='bbox 938 626 992 679; x_wconf 92' lang='lat' dir='ltr'><strong><em>id</em></strong></span> <span class='ocrx_word' id='word_1_44' title='bbox 1021 626 1160 697; x_wconf 93' lang='lat' dir='ltr'><strong><em>quod</em></strong></span> <span class='ocrx_word' id='word_1_45' title='bbox 1188 628 1367 679; x_wconf 79' lang='lat' dir='ltr'><strong><em>minus</em></strong></span> <span class='ocrx_word' id='word_1_46' title='bbox 1396 624 1519 678; x_wconf 79' lang='lat' dir='ltr'><strong><em>est?</em></strong></span> <span class='ocrx_word' id='word_1_47' title='bbox 1575 624 1685 677; x_wconf 93' lang='lat' dir='ltr'><strong><em>Aut</em></strong></span> <span class='ocrx_word' id='word_1_48' title='bbox 1713 642 1804 676; x_wconf 90' lang='lat' dir='ltr'><strong><em>cur</em></strong></span> <span class='ocrx_word' id='word_1_49' title='bbox 1824 623 1981 676; x_wconf 90' lang='lat' dir='ltr'><strong><em>licere</em></strong></span> 
     </span>
     <span class='ocr_line' id='line_1_6' title="bbox 144 706 1984 789; baseline -0.006 -19"><span class='ocrx_word' id='word_1_50' title='bbox 144 716 430 789; x_wconf 89' lang='lat' dir='ltr'><strong><em>putandum</em></strong></span> <span class='ocrx_word' id='word_1_51' title='bbox 471 721 550 767; x_wconf 90' lang='lat' dir='ltr'><strong><em>est</em></strong></span> <span class='ocrx_word' id='word_1_52' title='bbox 588 731 617 766; x_wconf 90' lang='lat' dir='ltr'><strong><em>e</em></strong></span> <span class='ocrx_word' id='word_1_53' title='bbox 657 714 831 765; x_wconf 82' lang='lat' dir='ltr'><strong><em>tribus</em></strong></span> <span class='ocrx_word' id='word_1_54' title='bbox 871 709 1110 781; x_wconf 89' lang='lat' dir='ltr'><strong><em>primum,</em></strong></span> <span class='ocrx_word' id='word_1_55' title='bbox 1151 715 1393 761; x_wconf 89' lang='lat' dir='ltr'><strong><em>neutrum</em></strong></span> <span class='ocrx_word' id='word_1_56' title='bbox 1430 713 1604 760; x_wconf 92' lang='lat' dir='ltr'><strong><em>autem</em></strong></span> <span class='ocrx_word' id='word_1_57' title='bbox 1637 706 1984 776; x_wconf 88' lang='lat' dir='ltr'><strong><em>reliquorum:</em></strong></span> 
     </span>
     <span class='ocr_line' id='line_1_7' title="bbox 148 788 1985 870; baseline -0.007 -17"><span class='ocrx_word' id='word_1_58' title='bbox 148 817 305 870; x_wconf 90' lang='lat' dir='ltr'><strong><em>quum</em></strong></span> <span class='ocrx_word' id='word_1_59' title='bbox 333 797 572 851; x_wconf 91' lang='lat' dir='ltr'><strong><em>videatur</em></strong></span> <span class='ocrx_word' id='word_1_60' title='bbox 611 813 721 848; x_wconf 90' lang='lat' dir='ltr'><strong><em>esse</em></strong></span> <span class='ocrx_word' id='word_1_61' title='bbox 759 792 984 846; x_wconf 90' lang='lat' dir='ltr'><strong><em>omnium</em></strong></span> <span class='ocrx_word' id='word_1_62' title='bbox 1016 794 1182 845; x_wconf 82' lang='lat' dir='ltr'><strong><em>trium</em></strong></span> <span class='ocrx_word' id='word_1_63' title='bbox 1218 809 1316 862; x_wconf 90' lang='lat' dir='ltr'><strong><em>par</em></strong></span> <span class='ocrx_word' id='word_1_64' title='bbox 1345 790 1550 843; x_wconf 90' lang='lat' dir='ltr'><strong><em>omnino</em></strong></span> <span class='ocrx_word' id='word_1_65' title='bbox 1587 788 1720 843; x_wconf 92' lang='lat' dir='ltr'><strong><em>ratio</em></strong></span> <span class='ocrx_word' id='word_1_66' title='bbox 1738 790 1768 842; x_wconf 80' lang='lat'><strong><em>‘?</em></strong></span> <span class='ocrx_word' id='word_1_67' title='bbox 1846 790 1985 842; x_wconf 88' lang='lat' dir='ltr'><strong><em>Ean-</em></strong></span> 
     </span>
     <span class='ocr_line' id='line_1_8' title="bbox 149 875 1985 944; baseline -0.007 -8"><span class='ocrx_word' id='word_1_68' title='bbox 149 884 267 937; x_wconf 91' lang='lat' dir='ltr'><strong><em>dem</em></strong></span> <span class='ocrx_word' id='word_1_69' title='bbox 296 899 405 934; x_wconf 88' lang='lat' dir='ltr'><strong><em>esse</em></strong></span> <span class='ocrx_word' id='word_1_70' title='bbox 435 882 603 933; x_wconf 83' lang='lat' dir='ltr'><strong><em>trium</em></strong></span> <span class='ocrx_word' id='word_1_71' title='bbox 629 877 898 939; x_wconf 90' lang='lat' dir='ltr'><strong><em>rationem,</em></strong></span> <span class='ocrx_word' id='word_1_72' title='bbox 941 875 995 929; x_wconf 93' lang='lat' dir='ltr'><strong><em>id</em></strong></span> <span class='ocrx_word' id='word_1_73' title='bbox 1024 893 1148 928; x_wconf 92' lang='lat' dir='ltr'><strong><em>vero</em></strong></span> <span class='ocrx_word' id='word_1_74' title='bbox 1186 880 1484 927; x_wconf 79' lang='lat' dir='ltr'><strong><em>constanter</em></strong></span> <span class='ocrx_word' id='word_1_75' title='bbox 1523 891 1783 944; x_wconf 86' lang='lat' dir='ltr'><strong><em>pernego:</em></strong></span> <span class='ocrx_word' id='word_1_76' title='bbox 1827 889 1985 941; x_wconf 91' lang='lat' dir='ltr'><strong><em>quum</em></strong></span> 
     </span>
     <span class='ocr_line' id='line_1_9' title="bbox 149 955 1988 1019; baseline -0.006 -1"><span class='ocrx_word' id='word_1_77' title='bbox 149 965 217 1019; x_wconf 91' lang='lat' dir='ltr'><strong><em>sit</em></strong></span> <span class='ocrx_word' id='word_1_78' title='bbox 255 961 665 1016; x_wconf 86' lang='lat' dir='ltr'><strong><em>manifestissima</em></strong></span> <span class='ocrx_word' id='word_1_79' title='bbox 699 960 835 1013; x_wconf 91' lang='lat' dir='ltr'><strong><em>inter</em></strong></span> <span class='ocrx_word' id='word_1_80' title='bbox 863 960 976 1012; x_wconf 85' lang='lat' dir='ltr'><strong><em>haec</em></strong></span> <span class='ocrx_word' id='word_1_81' title='bbox 1014 965 1067 1011; x_wconf 93' lang='lat' dir='ltr'><strong><em>et</em></strong></span> <span class='ocrx_word' id='word_1_82' title='bbox 1103 957 1231 1010; x_wconf 92' lang='lat' dir='ltr'><strong><em>illud</em></strong></span> <span class='ocrx_word' id='word_1_83' title='bbox 1260 955 1565 1009; x_wconf 84' lang='lat' dir='ltr'><strong><em>discriminis</em></strong></span> <span class='ocrx_word' id='word_1_84' title='bbox 1602 955 1750 1009; x_wconf 76' lang='lat' dir='ltr'><strong><em>ratio·</em></strong></span> <span class='ocrx_word' id='word_1_85' title='bbox 1834 955 1988 1019; x_wconf 81' lang='lat' dir='ltr'><strong><em>Quod</em></strong></span> 
     </span>
     <span class='ocr_line' id='line_1_10' title="bbox 150 1037 1988 1115; baseline -0.006 -15"><span class='ocrx_word' id='word_1_86' title='bbox 150 1066 244 1101; x_wconf 89' lang='lat' dir='ltr'><strong><em>nec</em></strong></span> <span class='ocrx_word' id='word_1_87' title='bbox 272 1046 346 1099; x_wconf 90' lang='lat' dir='ltr'><strong><em>illi</em></strong></span> <span class='ocrx_word' id='word_1_88' title='bbox 372 1045 526 1098; x_wconf 89' lang='lat' dir='ltr'><strong><em>liceat</em></strong></span> <span class='ocrx_word' id='word_1_89' title='bbox 553 1054 735 1115; x_wconf 74' lang='lat' dir='ltr'><strong><em>sponte</em></strong></span> <span class='ocrx_word' id='word_1_90' title='bbox 763 1062 880 1109; x_wconf 88' lang='lat' dir='ltr'><strong><em>sua,</em></strong></span> <span class='ocrx_word' id='word_1_91' title='bbox 910 1060 1005 1094; x_wconf 91' lang='lat' dir='ltr'><strong><em>nec</em></strong></span> <span class='ocrx_word' id='word_1_92' title='bbox 1031 1040 1158 1093; x_wconf 92' lang='lat' dir='ltr'><strong><em>mihi</em></strong></span> <span class='ocrx_word' id='word_1_93' title='bbox 1194 1051 1376 1110; x_wconf 78' lang='lat' dir='ltr'><strong><em>sponte</em></strong></span> <span class='ocrx_word' id='word_1_94' title='bbox 1404 1058 1540 1103; x_wconf 82' lang='lat' dir='ltr'><strong><em>mea,</em></strong></span> <span class='ocrx_word' id='word_1_95' title='bbox 1576 1039 1644 1091; x_wconf 90' lang='lat' dir='ltr'><strong><em>ad</em></strong></span> <span class='ocrx_word' id='word_1_96' title='bbox 1679 1037 1844 1109; x_wconf 88' lang='lat' dir='ltr'><strong><em>majus</em></strong></span> <span class='ocrx_word' id='word_1_97' title='bbox 1872 1056 1988 1108; x_wconf 91' lang='lat' dir='ltr'><strong><em>pec-</em></strong></span> 
     </span>
     <span class='ocr_line' id='line_1_11' title="bbox 153 1121 1990 1198; baseline -0.007 -14"><span class='ocrx_word' id='word_1_98' title='bbox 153 1137 323 1184; x_wconf 80' lang='lat' dir='ltr'><strong>catum</strong></span> <span class='ocrx_word' id='word_1_99' title='bbox 348 1128 616 1182; x_wconf 88' lang='lat' dir='ltr'><strong><em>vitandum</em></strong></span> <span class='ocrx_word' id='word_1_100' title='bbox 638 1126 831 1198; x_wconf 84' lang='lat' dir='ltr'><strong><em>eligere</em></strong></span> <span class='ocrx_word' id='word_1_101' title='bbox 860 1125 1057 1187; x_wconf 83' lang='lat' dir='ltr'><strong><em>minus3</em></strong></span> <span class='ocrx_word' id='word_1_102' title='bbox 1088 1123 1142 1177; x_wconf 92' lang='lat' dir='ltr'><strong><em>id</em></strong></span> <span class='ocrx_word' id='word_1_103' title='bbox 1168 1130 1447 1194; x_wconf 90' lang='lat' dir='ltr'><strong><em>propterea</em></strong></span> <span class='ocrx_word' id='word_1_104' title='bbox 1466 1122 1538 1185; x_wconf 89' lang='lat' dir='ltr'><strong><em>fit,</em></strong></span> <span class='ocrx_word' id='word_1_105' title='bbox 1564 1122 1684 1192; x_wconf 90' lang='lat' dir='ltr'><strong><em>quia</em></strong></span> <span class='ocrx_word' id='word_1_106' title='bbox 1713 1140 1825 1174; x_wconf 90' lang='lat' dir='ltr'><strong><em>cum</em></strong></span> <span class='ocrx_word' id='word_1_107' title='bbox 1849 1121 1914 1174; x_wconf 89' lang='lat' dir='ltr'><strong><em>sit</em></strong></span> <span class='ocrx_word' id='word_1_108' title='bbox 1936 1121 1990 1173; x_wconf 90' lang='lat' dir='ltr'><strong><em>in</em></strong></span> 
     </span>
     <span class='ocr_line' id='line_1_12' title="bbox 146 1206 1990 1284; baseline -0.006 -17"><span class='ocrx_word' id='word_1_109' title='bbox 146 1223 408 1284; x_wconf 75' lang='lat' dir='ltr'><strong><em>potestate</em></strong></span> <span class='ocrx_word' id='word_1_110' title='bbox 433 1210 699 1279; x_wconf 88' lang='lat' dir='ltr'><strong><em>utriusque</em></strong></span> <span class='ocrx_word' id='word_1_111' title='bbox 728 1215 960 1261; x_wconf 89' lang='lat' dir='ltr'><strong><em>nostrum</em></strong></span> <span class='ocrx_word' id='word_1_112' title='bbox 981 1209 1307 1276; x_wconf 76' lang='lat' dir='ltr'><strong><em>(respective)</em></strong></span> <span class='ocrx_word' id='word_1_113' title='bbox 1328 1217 1611 1275; x_wconf 77' lang='lat' dir='ltr'><strong><em>utrumque</em></strong></span> <span class='ocrx_word' id='word_1_114' title='bbox 1633 1206 1824 1266; x_wconf 78' lang='lat' dir='ltr'><strong><em>vitare,</em></strong></span> <span class='ocrx_word' id='word_1_115' title='bbox 1848 1211 1990 1257; x_wconf 91' lang='lat' dir='ltr'><strong><em>tene-</em></strong></span> 
     </span>
     <span class='ocr_line' id='line_1_13' title="bbox 155 1286 1992 1364; baseline -0.006 -15"><span class='ocrx_word' id='word_1_116' title='bbox 155 1315 271 1349; x_wconf 85' lang='lat' dir='ltr'><strong><em>mur</em></strong></span> <span class='ocrx_word' id='word_1_117' title='bbox 300 1302 518 1364; x_wconf 88' lang='lat' dir='ltr'><strong><em>uterque</em></strong></span> <span class='ocrx_word' id='word_1_118' title='bbox 543 1303 790 1346; x_wconf 73' lang='lat' dir='ltr'><strong><em>neutrum</em></strong></span> <span class='ocrx_word' id='word_1_119' title='bbox 818 1292 1009 1360; x_wconf 70' lang='lat' dir='ltr'><strong><em>eliyere</em></strong></span> <span class='ocrx_word' id='word_1_120' title='bbox 1029 1310 1045 1342; x_wconf 91' lang='lat'><strong><em>.·</em></strong></span> <span class='ocrx_word' id='word_1_121' title='bbox 1089 1297 1317 1343; x_wconf 82' lang='lat' dir='ltr'><strong><em>ceterum</em></strong></span> <span class='ocrx_word' id='word_1_122' title='bbox 1344 1289 1482 1359; x_wconf 89' lang='lat' dir='ltr'><strong><em>quod</em></strong></span> <span class='ocrx_word' id='word_1_123' title='bbox 1511 1287 1635 1340; x_wconf 90' lang='lat' dir='ltr'><strong><em>mihi</em></strong></span> <span class='ocrx_word' id='word_1_124' title='bbox 1663 1288 1815 1340; x_wconf 90' lang='lat' dir='ltr'><strong><em>liceat</em></strong></span> <span class='ocrx_word' id='word_1_125' title='bbox 1840 1286 1992 1340; x_wconf 88' lang='lat' dir='ltr'><strong><em>alteri</em></strong></span> 
     </span>
     <span class='ocr_line' id='line_1_14' title="bbox 156 1370 1991 1446; baseline -0.006 -14"><span class='ocrx_word' id='word_1_126' title='bbox 156 1378 373 1432; x_wconf 89' lang='lat' dir='ltr'><strong><em>suadere</em></strong></span> <span class='ocrx_word' id='word_1_127' title='bbox 411 1379 590 1429; x_wconf 79' lang='lat' dir='ltr'><strong><em>minus</em></strong></span> <span class='ocrx_word' id='word_1_128' title='bbox 619 1385 919 1446; x_wconf 84' lang='lat' dir='ltr'><strong><em>peccatum,</em></strong></span> <span class='ocrx_word' id='word_1_129' title='bbox 964 1380 1023 1426; x_wconf 91' lang='lat' dir='ltr'><strong><em>ut</em></strong></span> <span class='ocrx_word' id='word_1_130' title='bbox 1052 1372 1274 1426; x_wconf 90' lang='lat' dir='ltr'><strong><em>evitetur</em></strong></span> <span class='ocrx_word' id='word_1_131' title='bbox 1302 1374 1494 1440; x_wconf 83' lang='lat' dir='ltr'><strong><em>majus,</em></strong></span> <span class='ocrx_word' id='word_1_132' title='bbox 1536 1390 1601 1423; x_wconf 93' lang='lat' dir='ltr'><strong><em>ex</em></strong></span> <span class='ocrx_word' id='word_1_133' title='bbox 1631 1388 1691 1423; x_wconf 95' lang='lat' dir='ltr'><strong><em>eo</em></strong></span> <span class='ocrx_word' id='word_1_134' title='bbox 1722 1370 1991 1442; x_wconf 89' lang='lat' dir='ltr'><strong><em>contingit,</em></strong></span> 
     </span>
     <span class='ocr_line' id='line_1_15' title="bbox 157 1452 1995 1531; baseline -0.005 -17"><span class='ocrx_word' id='word_1_135' title='bbox 157 1461 296 1531; x_wconf 92' lang='lat' dir='ltr'><strong><em>quod</em></strong></span> <span class='ocrx_word' id='word_1_136' title='bbox 333 1478 436 1512; x_wconf 90' lang='lat' dir='ltr'><strong><em>non</em></strong></span> <span class='ocrx_word' id='word_1_137' title='bbox 465 1459 531 1511; x_wconf 92' lang='lat' dir='ltr'><strong><em>sit</em></strong></span> <span class='ocrx_word' id='word_1_138' title='bbox 559 1458 612 1510; x_wconf 91' lang='lat' dir='ltr'><strong><em>in</em></strong></span> <span class='ocrx_word' id='word_1_139' title='bbox 642 1475 758 1510; x_wconf 85' lang='lat' dir='ltr'><strong><em>mea</em></strong></span> <span class='ocrx_word' id='word_1_140' title='bbox 800 1455 1063 1509; x_wconf 91' lang='lat' dir='ltr'><strong><em>suadentis</em></strong></span> <span class='ocrx_word' id='word_1_141' title='bbox 1096 1465 1363 1524; x_wconf 80' lang='lat' dir='ltr'><strong><em>potestate</em></strong></span> <span class='ocrx_word' id='word_1_142' title='bbox 1393 1454 1467 1522; x_wconf 93' lang='lat' dir='ltr'><strong><em>(id</em></strong></span> <span class='ocrx_word' id='word_1_143' title='bbox 1496 1453 1631 1506; x_wconf 90' lang='lat' dir='ltr'><strong><em>enim</em></strong></span> <span class='ocrx_word' id='word_1_144' title='bbox 1667 1452 1779 1522; x_wconf 89' lang='lat' dir='ltr'><strong><em>jam</em></strong></span> <span class='ocrx_word' id='word_1_145' title='bbox 1807 1470 1995 1522; x_wconf 87' lang='lat' dir='ltr'><strong><em>suppo-</em></strong></span> 
     </span>
     <span class='ocr_line' id='line_1_16' title="bbox 157 1534 1994 1611; baseline -0.005 -16"><span class='ocrx_word' id='word_1_146' title='bbox 157 1543 364 1610; x_wconf 90' lang='lat' dir='ltr'><strong><em>nimus,)</em></strong></span> <span class='ocrx_word' id='word_1_147' title='bbox 406 1541 657 1611; x_wconf 90' lang='lat' dir='ltr'><strong><em>impedire</em></strong></span> <span class='ocrx_word' id='word_1_148' title='bbox 706 1550 1007 1608; x_wconf 78' lang='lat' dir='ltr'><strong><em>utrumque.</em></strong></span> <span class='ocrx_word' id='word_1_149' title='bbox 1092 1537 1283 1589; x_wconf 89' lang='lat' dir='ltr'><strong><em>Danda</em></strong></span> <span class='ocrx_word' id='word_1_150' title='bbox 1330 1542 1471 1588; x_wconf 88' lang='lat' dir='ltr'><strong><em>certe</em></strong></span> <span class='ocrx_word' id='word_1_151' title='bbox 1520 1534 1647 1587; x_wconf 89' lang='lat' dir='ltr'><strong><em>mihi</em></strong></span> <span class='ocrx_word' id='word_1_152' title='bbox 1693 1541 1772 1587; x_wconf 91' lang='lat' dir='ltr'><strong><em>est</em></strong></span> <span class='ocrx_word' id='word_1_153' title='bbox 1819 1552 1994 1604; x_wconf 90' lang='lat' dir='ltr'><strong><em>opera,</em></strong></span> 
     </span>
     <span class='ocr_line' id='line_1_17' title="bbox 158 1617 1997 1695; baseline -0.005 -17"><span class='ocrx_word' id='word_1_154' title='bbox 158 1623 482 1695; x_wconf 89' lang='lat' dir='ltr'><strong><em>quantumin</em></strong></span> <span class='ocrx_word' id='word_1_155' title='bbox 507 1640 589 1675; x_wconf 93' lang='lat' dir='ltr'><strong><em>me</em></strong></span> <span class='ocrx_word' id='word_1_156' title='bbox 614 1628 708 1684; x_wconf 91' lang='lat' dir='ltr'><strong><em>est,</em></strong></span> <span class='ocrx_word' id='word_1_157' title='bbox 744 1627 804 1673; x_wconf 94' lang='lat' dir='ltr'><strong><em>ut</em></strong></span> <span class='ocrx_word' id='word_1_158' title='bbox 832 1622 1166 1690; x_wconf 79' lang='lat' dir='ltr'><strong><em>impediatur</em></strong></span> <span class='ocrx_word' id='word_1_159' title='bbox 1187 1629 1496 1688; x_wconf 78' lang='lat' dir='ltr'><strong><em>utrumque:</em></strong></span> <span class='ocrx_word' id='word_1_160' title='bbox 1529 1617 1620 1670; x_wconf 93' lang='lat' dir='ltr'><strong><em>sed</em></strong></span> <span class='ocrx_word' id='word_1_161' title='bbox 1649 1636 1764 1670; x_wconf 93' lang='lat' dir='ltr'><strong><em>cum</em></strong></span> <span class='ocrx_word' id='word_1_162' title='bbox 1793 1617 1997 1670; x_wconf 88' lang='lat' dir='ltr'><strong><em>videam</em></strong></span> 
     </span>
     <span class='ocr_line' id='line_1_18' title="bbox 158 1699 1997 1773; baseline -0.005 -13"><span class='ocrx_word' id='word_1_163' title='bbox 158 1726 240 1760; x_wconf 93' lang='lat' dir='ltr'><strong><em>me</em></strong></span> <span class='ocrx_word' id='word_1_164' title='bbox 278 1707 330 1759; x_wconf 91' lang='lat' dir='ltr'><strong><em>id</em></strong></span> <span class='ocrx_word' id='word_1_165' title='bbox 362 1706 562 1759; x_wconf 88' lang='lat' dir='ltr'><strong><em>efficere</em></strong></span> <span class='ocrx_word' id='word_1_166' title='bbox 600 1722 703 1756; x_wconf 91' lang='lat' dir='ltr'><strong><em>non</em></strong></span> <span class='ocrx_word' id='word_1_167' title='bbox 731 1720 881 1773; x_wconf 88' lang='lat' dir='ltr'><strong><em>posse</em></strong></span> <span class='ocrx_word' id='word_1_168' title='bbox 917 1702 1056 1771; x_wconf 92' lang='lat' dir='ltr'><strong><em>quod</em></strong></span> <span class='ocrx_word' id='word_1_169' title='bbox 1098 1701 1320 1754; x_wconf 86' lang='lat' dir='ltr'><strong><em>maxime</em></strong></span> <span class='ocrx_word' id='word_1_170' title='bbox 1355 1702 1540 1754; x_wconf 80' lang='lat' dir='ltr'><strong><em>vellem</em></strong></span> <span class='ocrx_word' id='word_1_171' title='bbox 1568 1711 1617 1754; x_wconf 87' lang='lat' dir='ltr'><strong><em>et</em></strong></span> <span class='ocrx_word' id='word_1_172' title='bbox 1647 1702 1820 1769; x_wconf 87' lang='lat' dir='ltr'><strong><em>cupi0,</em></strong></span> <span class='ocrx_word' id='word_1_173' title='bbox 1866 1699 1997 1752; x_wconf 89' lang='lat' dir='ltr'><strong><em>facio</em></strong></span> 
     </span>
     <span class='ocr_line' id='line_1_19' title="bbox 159 1783 1999 1858; baseline -0.004 -16"><span class='ocrx_word' id='word_1_174' title='bbox 159 1790 338 1843; x_wconf 90' lang='lat' dir='ltr'><strong><em>saltem</em></strong></span> <span class='ocrx_word' id='word_1_175' title='bbox 368 1788 506 1858; x_wconf 89' lang='lat' dir='ltr'><strong><em>quod</em></strong></span> <span class='ocrx_word' id='word_1_176' title='bbox 539 1805 762 1858; x_wconf 86' lang='lat' dir='ltr'><strong><em>possum</em></strong></span> <span class='ocrx_word' id='word_1_177' title='bbox 805 1796 854 1839; x_wconf 85' lang='lat' dir='ltr'><strong><em>et</em></strong></span> <span class='ocrx_word' id='word_1_178' title='bbox 886 1787 1057 1848; x_wconf 82' lang='lat' dir='ltr'><strong><em>debeO,</em></strong></span> <span class='ocrx_word' id='word_1_179' title='bbox 1099 1783 1362 1838; x_wconf 91' lang='lat' dir='ltr'><strong><em>suadendo</em></strong></span> <span class='ocrx_word' id='word_1_180' title='bbox 1401 1786 1581 1837; x_wconf 79' lang='lat' dir='ltr'><strong><em>minus</em></strong></span> <span class='ocrx_word' id='word_1_181' title='bbox 1611 1794 1898 1853; x_wconf 84' lang='lat' dir='ltr'><strong><em>peccatum</em></strong></span> <span class='ocrx_word' id='word_1_182' title='bbox 1940 1792 1999 1836; x_wconf 89' lang='lat' dir='ltr'><strong><em>ut</em></strong></span> 
     </span>
     <span class='ocr_line' id='line_1_20' title="bbox 159 1871 666 1943; baseline -0.006 -18"><span class='ocrx_word' id='word_1_183' title='bbox 159 1871 434 1943; x_wconf 86' lang='lat' dir='ltr'><strong><em>impediam</em></strong></span> <span class='ocrx_word' id='word_1_184' title='bbox 472 1871 666 1939; x_wconf 82' lang='lat' dir='ltr'><strong><em>majus.</em></strong></span> 
     </span>
    </p>

    <p class='ocr_par' dir='ltr' id='par_1_3' title="bbox 162 1948 2006 2515">
     <span class='ocr_line' id='line_1_21' title="bbox 279 1948 2001 2022; baseline -0.004 -15"><span class='ocrx_word' id='word_1_185' title='bbox 279 1955 401 2007; x_wconf 90' lang='lat' dir='ltr'><strong><em>XX.</em></strong></span> <span class='ocrx_word' id='word_1_186' title='bbox 488 1955 571 2006; x_wconf 88' lang='lat' dir='ltr'><strong><em>Ex</em></strong></span> <span class='ocrx_word' id='word_1_187' title='bbox 616 1952 678 2005; x_wconf 88' lang='lat' dir='ltr'><strong><em>iis</em></strong></span> <span class='ocrx_word' id='word_1_188' title='bbox 716 1970 833 2022; x_wconf 72' lang='lat' dir='ltr'><strong><em>quae</em></strong></span> <span class='ocrx_word' id='word_1_189' title='bbox 875 1952 1123 2004; x_wconf 87' lang='lat' dir='ltr'><strong><em>hactenus</em></strong></span> <span class='ocrx_word' id='word_1_190' title='bbox 1167 1949 1429 2021; x_wconf 83' lang='lat' dir='ltr'><strong><em>disputata</em></strong></span> <span class='ocrx_word' id='word_1_191' title='bbox 1463 1956 1583 2003; x_wconf 91' lang='lat' dir='ltr'><strong><em>sunt</em></strong></span> <span class='ocrx_word' id='word_1_192' title='bbox 1626 1948 1774 2002; x_wconf 87' lang='lat' dir='ltr'><strong><em>facile</em></strong></span> <span class='ocrx_word' id='word_1_193' title='bbox 1814 1948 2001 2002; x_wconf 89' lang='lat' dir='ltr'><strong><em>intelli-</em></strong></span> 
     </span>
     <span class='ocr_line' id='line_1_22' title="bbox 162 2031 2002 2110; baseline -0.003 -21"><span class='ocrx_word' id='word_1_194' title='bbox 162 2037 318 2110; x_wconf 81' lang='lat' dir='ltr'><strong><em>gitur,</em></strong></span> <span class='ocrx_word' id='word_1_195' title='bbox 347 2055 463 2107; x_wconf 82' lang='lat' dir='ltr'><strong><em>quae</em></strong></span> <span class='ocrx_word' id='word_1_196' title='bbox 489 2037 555 2089; x_wconf 91' lang='lat' dir='ltr'><strong><em>sit</em></strong></span> <span class='ocrx_word' id='word_1_197' title='bbox 580 2053 724 2087; x_wconf 91' lang='lat' dir='ltr'><strong><em>mens</em></strong></span> <span class='ocrx_word' id='word_1_198' title='bbox 748 2034 881 2086; x_wconf 91' lang='lat' dir='ltr'><strong><em>illius</em></strong></span> <span class='ocrx_word' id='word_1_199' title='bbox 911 2033 1048 2095; x_wconf 90' lang='lat' dir='ltr'><strong><em>dicti,</em></strong></span> <span class='ocrx_word' id='word_1_200' title='bbox 1070 2036 1129 2085; x_wconf 93' lang='lat' dir='ltr'><em>E</em></span> <span class='ocrx_word' id='word_1_201' title='bbox 1149 2035 1314 2085; x_wconf 84' lang='lat' dir='ltr'><strong><em>malis</em></strong></span> <span class='ocrx_word' id='word_1_202' title='bbox 1342 2035 1642 2094; x_wconf 73' lang='lat' dir='ltr'><strong><em>minimum,</em></strong></span> <span class='ocrx_word' id='word_1_203' title='bbox 1675 2039 1729 2084; x_wconf 89' lang='lat' dir='ltr'><strong><em>et</em></strong></span> <span class='ocrx_word' id='word_1_204' title='bbox 1756 2031 1869 2101; x_wconf 90' lang='lat' dir='ltr'><strong><em>quis</em></strong></span> <span class='ocrx_word' id='word_1_205' title='bbox 1892 2032 2002 2102; x_wconf 89' lang='lat' dir='ltr'><strong><em>ejus</em></strong></span> 
     </span>
     <span class='ocr_line' id='line_1_23' title="bbox 162 2115 2002 2184; baseline -0.004 -11"><span class='ocrx_word' id='word_1_206' title='bbox 162 2139 284 2173; x_wconf 90' lang='lat' dir='ltr'><strong><em>usus</em></strong></span> <span class='ocrx_word' id='word_1_207' title='bbox 329 2120 383 2171; x_wconf 91' lang='lat' dir='ltr'><strong><em>in</em></strong></span> <span class='ocrx_word' id='word_1_208' title='bbox 430 2118 567 2171; x_wconf 90' lang='lat' dir='ltr'><strong><em>omni</em></strong></span> <span class='ocrx_word' id='word_1_209' title='bbox 611 2115 979 2170; x_wconf 77' lang='lat' dir='ltr'><strong><em>deliberatione</em></strong></span> <span class='ocrx_word' id='word_1_210' title='bbox 1024 2116 1282 2177; x_wconf 89' lang='lat' dir='ltr'><strong><em>humana;</em></strong></span> <span class='ocrx_word' id='word_1_211' title='bbox 1323 2115 1391 2167; x_wconf 91' lang='lat' dir='ltr'><strong><em>ad</em></strong></span> <span class='ocrx_word' id='word_1_212' title='bbox 1434 2132 1750 2184; x_wconf 65' lang='lat' dir='ltr'><strong><em>quaecunque</em></strong></span> <span class='ocrx_word' id='word_1_213' title='bbox 1792 2115 2002 2168; x_wconf 88' lang='lat' dir='ltr'><strong><em>tandem</em></strong></span> 
     </span>
     <span class='ocr_line' id='line_1_24' title="bbox 165 2197 2003 2272; baseline -0.003 -18"><span class='ocrx_word' id='word_1_214' title='bbox 165 2204 318 2254; x_wconf 83' lang='lat' dir='ltr'><strong><em>mala</em></strong></span> <span class='ocrx_word' id='word_1_215' title='bbox 345 2201 648 2272; x_wconf 82' lang='lat' dir='ltr'><strong><em>applicetur,</em></strong></span> <span class='ocrx_word' id='word_1_216' title='bbox 680 2199 787 2251; x_wconf 92' lang='lat' dir='ltr'><strong><em>sive</em></strong></span> <span class='ocrx_word' id='word_1_217' title='bbox 824 2200 1022 2267; x_wconf 82' lang='lat' dir='ltr'><strong><em>Culpce,</em></strong></span> <span class='ocrx_word' id='word_1_218' title='bbox 1060 2197 1168 2249; x_wconf 87' lang='lat' dir='ltr'><strong><em>sive</em></strong></span> <span class='ocrx_word' id='word_1_219' title='bbox 1196 2199 1398 2250; x_wconf 76' lang='lat' dir='ltr'><strong><em>Poenae.</em></strong></span> <span class='ocrx_word' id='word_1_220' title='bbox 1471 2199 1638 2250; x_wconf 89' lang='lat' dir='ltr'><strong><em>Tenet</em></strong></span> <span class='ocrx_word' id='word_1_221' title='bbox 1665 2197 1816 2262; x_wconf 87' lang='lat' dir='ltr'><strong><em>enim,</em></strong></span> <span class='ocrx_word' id='word_1_222' title='bbox 1848 2197 2003 2267; x_wconf 87' lang='lat' dir='ltr'><strong><em>idque</em></strong></span> 
     </span>
     <span class='ocr_line' id='line_1_25' title="bbox 165 2279 2004 2351; baseline -0.002 -15"><span class='ocrx_word' id='word_1_223' title='bbox 165 2283 526 2336; x_wconf 89' lang='lat' dir='ltr'><strong><em>universaliter</em></strong></span> <span class='ocrx_word' id='word_1_224' title='bbox 556 2288 609 2335; x_wconf 93' lang='lat' dir='ltr'><strong><em>et</em></strong></span> <span class='ocrx_word' id='word_1_225' title='bbox 635 2281 689 2333; x_wconf 91' lang='lat' dir='ltr'><strong><em>in</em></strong></span> <span class='ocrx_word' id='word_1_226' title='bbox 717 2288 938 2350; x_wconf 88' lang='lat' dir='ltr'><strong><em>utroque</em></strong></span> <span class='ocrx_word' id='word_1_227' title='bbox 967 2279 1218 2342; x_wconf 73' lang='lat' dir='ltr'><strong><em>malorum</em></strong></span> <span class='ocrx_word' id='word_1_228' title='bbox 1247 2298 1455 2351; x_wconf 89' lang='lat' dir='ltr'><strong><em>genere,</em></strong></span> <span class='ocrx_word' id='word_1_229' title='bbox 1487 2279 1686 2349; x_wconf 87' lang='lat' dir='ltr'><strong><em>quoties</em></strong></span> <span class='ocrx_word' id='word_1_230' title='bbox 1716 2299 1776 2333; x_wconf 94' lang='lat' dir='ltr'><strong><em>eo</em></strong></span> <span class='ocrx_word' id='word_1_231' title='bbox 1805 2299 1889 2332; x_wconf 90' lang='lat' dir='ltr'><strong><em>res</em></strong></span> <span class='ocrx_word' id='word_1_232' title='bbox 1916 2281 2004 2333; x_wconf 91' lang='lat' dir='ltr'><strong><em>de-</em></strong></span> 
     </span>
     <span class='ocr_line' id='line_1_26' title="bbox 168 2362 2006 2433; baseline -0.002 -14"><span class='ocrx_word' id='word_1_233' title='bbox 168 2372 424 2420; x_wconf 88' lang='lat' dir='ltr'><strong><em>venerunt</em></strong></span> <span class='ocrx_word' id='word_1_234' title='bbox 464 2366 542 2433; x_wconf 91' lang='lat' dir='ltr'><strong><em>(ut</em></strong></span> <span class='ocrx_word' id='word_1_235' title='bbox 569 2370 711 2417; x_wconf 92' lang='lat' dir='ltr'><strong><em>recte</em></strong></span> <span class='ocrx_word' id='word_1_236' title='bbox 751 2363 973 2433; x_wconf 89' lang='lat' dir='ltr'><strong><em>explicat</em></strong></span> <span class='ocrx_word' id='word_1_237' title='bbox 1008 2369 1199 2415; x_wconf 88' lang='lat' dir='ltr'><strong><em>statum</em></strong></span> <span class='ocrx_word' id='word_1_238' title='bbox 1227 2362 1520 2432; x_wconf 73' lang='lat' dir='ltr'><strong><em>quaestionis</em></strong></span> <span class='ocrx_word' id='word_1_239' title='bbox 1547 2364 1906 2432; x_wconf 71' lang='lat' dir='ltr'><strong><em>Auyustinus)</em></strong></span> <span class='ocrx_word' id='word_1_240' title='bbox 1946 2370 2006 2415; x_wconf 92' lang='lat' dir='ltr'><strong><em>ut</em></strong></span> 
     </span>
     <span class='ocr_line' id='line_1_27' title="bbox 169 2445 2006 2515; baseline -0.003 -13"><span class='ocrx_word' id='word_1_241' title='bbox 169 2468 198 2501; x_wconf 93' lang='lat' dir='ltr'><strong><em>e</em></strong></span> <span class='ocrx_word' id='word_1_242' title='bbox 224 2450 428 2502; x_wconf 87' lang='lat' dir='ltr'><strong><em>duobus</em></strong></span> <span class='ocrx_word' id='word_1_243' title='bbox 452 2449 616 2500; x_wconf 78' lang='lat' dir='ltr'><strong><em>malis</em></strong></span> <span class='ocrx_word' id='word_1_244' title='bbox 644 2446 711 2500; x_wconf 88' lang='lat' dir='ltr'><strong><em>sit</em></strong></span> <span class='ocrx_word' id='word_1_245' title='bbox 738 2445 792 2497; x_wconf 91' lang='lat' dir='ltr'><strong><em>in</em></strong></span> <span class='ocrx_word' id='word_1_246' title='bbox 820 2452 998 2498; x_wconf 91' lang='lat' dir='ltr'><strong><em>nostra</em></strong></span> <span class='ocrx_word' id='word_1_247' title='bbox 1025 2452 1282 2515; x_wconf 83' lang='lat' dir='ltr'><strong><em>potestate</em></strong></span> <span class='ocrx_word' id='word_1_248' title='bbox 1308 2447 1632 2498; x_wconf 79' lang='lat' dir='ltr'><strong><em>alterutrum</em></strong></span> <span class='ocrx_word' id='word_1_249' title='bbox 1658 2445 1872 2508; x_wconf 87' lang='lat' dir='ltr'><strong><em>evitare,</em></strong></span> <span class='ocrx_word' id='word_1_250' title='bbox 1903 2464 2006 2498; x_wconf 90' lang='lat' dir='ltr'><strong><em>non</em></strong></span> 
     </span>
    </p>
   </div>
   <div class='ocr_carea' id='block_1_3' title="bbox 170 2631 2015 3761">
    <p class='ocr_par' dir='ltr' id='par_1_4' title="bbox 170 2631 2007 2762">
     <span class='ocr_line' id='line_1_28' title="bbox 170 2631 2007 2691; baseline -0.001 -14"><span class='ocrx_word' id='word_1_251' title='bbox 170 2632 473 2691; x_wconf 86' lang='lat' dir='ltr'><strong><em>supposition,</em></strong></span> <span class='ocrx_word' id='word_1_252' title='bbox 492 2645 560 2675; x_wconf 91' lang='lat' dir='ltr'><strong><em>we</em></strong></span> <span class='ocrx_word' id='word_1_253' title='bbox 586 2631 647 2675; x_wconf 91' lang='lat' dir='ltr'><strong><em>do</em></strong></span> <span class='ocrx_word' id='word_1_254' title='bbox 671 2637 756 2676; x_wconf 90' lang='lat' dir='ltr'><strong><em>not</em></strong></span> <span class='ocrx_word' id='word_1_255' title='bbox 776 2645 827 2676; x_wconf 91' lang='lat' dir='ltr'><strong><em>so</em></strong></span> <span class='ocrx_word' id='word_1_256' title='bbox 852 2632 993 2676; x_wconf 89' lang='lat' dir='ltr'><strong><em>much</em></strong></span> <span class='ocrx_word' id='word_1_257' title='bbox 1018 2632 1249 2690; x_wconf 82' lang='lat' dir='ltr'><strong><em>persuade</em></strong></span> <span class='ocrx_word' id='word_1_258' title='bbox 1276 2632 1357 2677; x_wconf 89' lang='lat' dir='ltr'><strong><em>the</em></strong></span> <span class='ocrx_word' id='word_1_259' title='bbox 1383 2632 1572 2676; x_wconf 90' lang='lat' dir='ltr'><strong><em>smaller</em></strong></span> <span class='ocrx_word' id='word_1_260' title='bbox 1597 2632 1682 2684; x_wconf 92' lang='lat' dir='ltr'><strong><em>sin,</em></strong></span> <span class='ocrx_word' id='word_1_261' title='bbox 1708 2646 1758 2676; x_wconf 86' lang='lat' dir='ltr'><strong><em>as</em></strong></span> <span class='ocrx_word' id='word_1_262' title='bbox 1790 2631 2007 2677; x_wconf 90' lang='lat' dir='ltr'><strong><em>dissuade</em></strong></span> 
     </span>
     <span class='ocr_line' id='line_1_29' title="bbox 171 2703 1735 2762; baseline 0 -14"><span class='ocrx_word' id='word_1_263' title='bbox 171 2704 253 2749; x_wconf 90' lang='lat' dir='ltr'><strong><em>the</em></strong></span> <span class='ocrx_word' id='word_1_264' title='bbox 271 2705 438 2761; x_wconf 88' lang='lat' dir='ltr'><strong><em>larger.</em></strong></span> <span class='ocrx_word' id='word_1_265' title='bbox 514 2703 602 2747; x_wconf 90' lang='lat' dir='ltr'><strong><em>We</em></strong></span> <span class='ocrx_word' id='word_1_266' title='bbox 622 2703 682 2747; x_wconf 92' lang='lat' dir='ltr'><strong><em>do</em></strong></span> <span class='ocrx_word' id='word_1_267' title='bbox 703 2708 787 2747; x_wconf 91' lang='lat' dir='ltr'><strong><em>not</em></strong></span> <span class='ocrx_word' id='word_1_268' title='bbox 806 2704 1034 2762; x_wconf 86' lang='lat' dir='ltr'><strong><em>persuade</em></strong></span> <span class='ocrx_word' id='word_1_269' title='bbox 1059 2704 1158 2747; x_wconf 89' lang='lat' dir='ltr'><strong><em>him</em></strong></span> <span class='ocrx_word' id='word_1_270' title='bbox 1177 2709 1227 2748; x_wconf 95' lang='lat' dir='ltr'><strong><em>to</em></strong></span> <span class='ocrx_word' id='word_1_271' title='bbox 1249 2705 1333 2756; x_wconf 89' lang='lat' dir='ltr'><strong><em>sin,</em></strong></span> <span class='ocrx_word' id='word_1_272' title='bbox 1352 2705 1439 2748; x_wconf 91' lang='lat' dir='ltr'><strong><em>but</em></strong></span> <span class='ocrx_word' id='word_1_273' title='bbox 1464 2708 1514 2748; x_wconf 89' lang='lat' dir='ltr'><strong><em>to</em></strong></span> <span class='ocrx_word' id='word_1_274' title='bbox 1536 2704 1608 2748; x_wconf 92' lang='lat' dir='ltr'><strong><em>sin</em></strong></span> <span class='ocrx_word' id='word_1_275' title='bbox 1633 2704 1735 2748; x_wconf 87' lang='lat' dir='ltr'><strong><em>less.</em></strong></span> 
     </span>
    </p>

    <p class='ocr_par' dir='ltr' id='par_1_5' title="bbox 173 2775 2009 3118">
     <span class='ocr_line' id='line_1_30' title="bbox 262 2775 2008 2834; baseline 0 -15"><span class='ocrx_word' id='word_1_276' title='bbox 262 2776 308 2819; x_wconf 94' lang='lat' dir='ltr'><strong><em>It</em></strong></span> <span class='ocrx_word' id='word_1_277' title='bbox 322 2790 430 2834; x_wconf 90' lang='lat' dir='ltr'><strong><em>may</em></strong></span> <span class='ocrx_word' id='word_1_278' title='bbox 450 2776 510 2819; x_wconf 93' lang='lat' dir='ltr'><strong><em>be</em></strong></span> <span class='ocrx_word' id='word_1_279' title='bbox 532 2775 760 2831; x_wconf 77' lang='lat' dir='ltr'><strong><em>obJected,</em></strong></span> <span class='ocrx_word' id='word_1_280' title='bbox 784 2775 834 2819; x_wconf 88' lang='lat' dir='ltr'><strong><em>If</em></strong></span> <span class='ocrx_word' id='word_1_281' title='bbox 853 2775 883 2819; x_wconf 87' lang='grc' dir='ltr'><strong><em>Ι-</em></strong></span> <span class='ocrx_word' id='word_1_282' title='bbox 903 2790 1012 2834; x_wconf 89' lang='lat' dir='ltr'><strong><em>may</em></strong></span> <span class='ocrx_word' id='word_1_283' title='bbox 1035 2776 1265 2834; x_wconf 84' lang='lat' dir='ltr'><strong><em>persuade</em></strong></span> <span class='ocrx_word' id='word_1_284' title='bbox 1289 2776 1371 2820; x_wconf 93' lang='lat' dir='ltr'><strong><em>the</em></strong></span> <span class='ocrx_word' id='word_1_285' title='bbox 1392 2789 1502 2819; x_wconf 92' lang='lat' dir='ltr'><strong><em>man</em></strong></span> <span class='ocrx_word' id='word_1_286' title='bbox 1526 2780 1576 2819; x_wconf 94' lang='lat' dir='ltr'><strong><em>to</em></strong></span> <span class='ocrx_word' id='word_1_287' title='bbox 1601 2775 1683 2819; x_wconf 91' lang='lat' dir='ltr'><strong><em>the</em></strong></span> <span class='ocrx_word' id='word_1_288' title='bbox 1709 2775 1897 2820; x_wconf 90' lang='lat' dir='ltr'><strong><em>smaller</em></strong></span> <span class='ocrx_word' id='word_1_289' title='bbox 1922 2777 2008 2828; x_wconf 91' lang='lat' dir='ltr'><strong><em>sin,</em></strong></span> 
     </span>
     <span class='ocr_line' id='line_1_31' title="bbox 173 2847 2006 2906; baseline 0.001 -16"><span class='ocrx_word' id='word_1_290' title='bbox 173 2847 278 2905; x_wconf 86' lang='lat' dir='ltr'><strong><em>why</em></strong></span> <span class='ocrx_word' id='word_1_291' title='bbox 305 2861 413 2905; x_wconf 89' lang='lat' dir='ltr'><strong><em>may</em></strong></span> <span class='ocrx_word' id='word_1_292' title='bbox 449 2847 511 2891; x_wconf 94' lang='lat' dir='ltr'><strong><em>he</em></strong></span> <span class='ocrx_word' id='word_1_293' title='bbox 548 2851 633 2890; x_wconf 91' lang='lat' dir='ltr'><strong><em>not</em></strong></span> <span class='ocrx_word' id='word_1_294' title='bbox 664 2847 834 2891; x_wconf 89' lang='lat' dir='ltr'><strong><em>choose</em></strong></span> <span class='ocrx_word' id='word_1_295' title='bbox 870 2847 953 2891; x_wconf 91' lang='lat' dir='ltr'><strong><em>the</em></strong></span> <span class='ocrx_word' id='word_1_296' title='bbox 988 2848 1177 2891; x_wconf 89' lang='lat' dir='ltr'><strong><em>smaller</em></strong></span> <span class='ocrx_word' id='word_1_297' title='bbox 1216 2848 1288 2892; x_wconf 88' lang='lat' dir='ltr'><strong><em>sin</em></strong></span> <span class='ocrx_word' id='word_1_298' title='bbox 1322 2848 1524 2899; x_wconf 86' lang='lat' dir='ltr'><strong><em>himself,</em></strong></span> <span class='ocrx_word' id='word_1_299' title='bbox 1559 2847 1755 2891; x_wconf 87' lang='lat' dir='ltr'><strong><em>without</em></strong></span> <span class='ocrx_word' id='word_1_300' title='bbox 1780 2862 1860 2905; x_wconf 91' lang='lat' dir='ltr'><strong><em>my</em></strong></span> <span class='ocrx_word' id='word_1_301' title='bbox 1899 2862 2006 2906; x_wconf 90' lang='lat' dir='ltr'><strong><em>per-</em></strong></span> 
     </span>
     <span class='ocr_line' id='line_1_32' title="bbox 174 2918 2009 2977; baseline -0.001 -14"><span class='ocrx_word' id='word_1_302' title='bbox 174 2919 399 2976; x_wconf 83' lang='lat' dir='ltr'><strong><em>suading?</em></strong></span> <span class='ocrx_word' id='word_1_303' title='bbox 475 2919 542 2962; x_wconf 89' lang='lat' dir='ltr'><strong><em>Or</em></strong></span> <span class='ocrx_word' id='word_1_304' title='bbox 565 2918 669 2976; x_wconf 90' lang='lat' dir='ltr'><strong><em>why</em></strong></span> <span class='ocrx_word' id='word_1_305' title='bbox 688 2933 796 2977; x_wconf 90' lang='lat' dir='ltr'><strong><em>may</em></strong></span> <span class='ocrx_word' id='word_1_306' title='bbox 820 2920 845 2963; x_wconf 95' lang='grc' dir='ltr'>Ι</span> <span class='ocrx_word' id='word_1_307' title='bbox 864 2923 948 2963; x_wconf 90' lang='lat' dir='ltr'><strong><em>not</em></strong></span> <span class='ocrx_word' id='word_1_308' title='bbox 970 2919 1215 2977; x_wconf 89' lang='lat' dir='ltr'><strong><em>allowably</em></strong></span> <span class='ocrx_word' id='word_1_309' title='bbox 1236 2920 1296 2963; x_wconf 91' lang='lat' dir='ltr'><strong><em>do</em></strong></span> <span class='ocrx_word' id='word_1_310' title='bbox 1317 2919 1442 2963; x_wconf 86' lang='lat' dir='ltr'><strong><em>what</em></strong></span> <span class='ocrx_word' id='word_1_311' title='bbox 1467 2920 1491 2963; x_wconf 94' lang='grc' dir='ltr'>Ι</span> <span class='ocrx_word' id='word_1_312' title='bbox 1517 2934 1625 2977; x_wconf 90' lang='lat' dir='ltr'><strong><em>may</em></strong></span> <span class='ocrx_word' id='word_1_313' title='bbox 1644 2919 1753 2963; x_wconf 88' lang='lat' dir='ltr'><strong><em>thus</em></strong></span> <span class='ocrx_word' id='word_1_314' title='bbox 1778 2920 2009 2977; x_wconf 86' lang='lat' dir='ltr'><strong><em>persuade</em></strong></span> 
     </span>
     <span class='ocr_line' id='line_1_33' title="bbox 176 2990 2009 3049; baseline 0 -15"><span class='ocrx_word' id='word_1_315' title='bbox 176 2990 371 3034; x_wconf 83' lang='lat' dir='ltr'><strong><em>another</em></strong></span> <span class='ocrx_word' id='word_1_316' title='bbox 390 2994 440 3033; x_wconf 94' lang='lat' dir='ltr'><strong><em>to</em></strong></span> <span class='ocrx_word' id='word_1_317' title='bbox 466 2990 559 3033; x_wconf 88' lang='lat' dir='ltr'><strong><em>do?</em></strong></span> <span class='ocrx_word' id='word_1_318' title='bbox 622 2990 689 3034; x_wconf 88' lang='lat' dir='ltr'><strong><em>Of</em></strong></span> <span class='ocrx_word' id='word_1_319' title='bbox 703 2990 835 3035; x_wconf 86' lang='lat' dir='ltr'><strong><em>these</em></strong></span> <span class='ocrx_word' id='word_1_320' title='bbox 859 2990 994 3034; x_wconf 91' lang='lat' dir='ltr'><strong><em>three</em></strong></span> <span class='ocrx_word' id='word_1_321' title='bbox 1018 2991 1189 3048; x_wconf 88' lang='lat' dir='ltr'><strong><em>things,</em></strong></span> <span class='ocrx_word' id='word_1_322' title='bbox 1215 2991 1319 3049; x_wconf 90' lang='lat' dir='ltr'><strong><em>why</em></strong></span> <span class='ocrx_word' id='word_1_323' title='bbox 1340 2991 1378 3034; x_wconf 92' lang='lat' dir='ltr'><strong><em>is</em></strong></span> <span class='ocrx_word' id='word_1_324' title='bbox 1412 2991 1493 3035; x_wconf 89' lang='lat' dir='ltr'><strong><em>the</em></strong></span> <span class='ocrx_word' id='word_1_325' title='bbox 1518 2991 1619 3034; x_wconf 87' lang='lat' dir='ltr'><strong><em>first</em></strong></span> <span class='ocrx_word' id='word_1_326' title='bbox 1640 2991 1896 3042; x_wconf 84' lang='lat' dir='ltr'><strong><em>allowable,</em></strong></span> <span class='ocrx_word' id='word_1_327' title='bbox 1926 2991 2009 3034; x_wconf 91' lang='lat' dir='ltr'><strong><em>the</em></strong></span> 
     </span>
     <span class='ocr_line' id='line_1_34' title="bbox 178 3060 1923 3118; baseline -0.002 -12"><span class='ocrx_word' id='word_1_328' title='bbox 178 3062 312 3106; x_wconf 89' lang='lat' dir='ltr'><strong><em>other</em></strong></span> <span class='ocrx_word' id='word_1_329' title='bbox 332 3066 422 3105; x_wconf 89' lang='lat' dir='ltr'><strong><em>two</em></strong></span> <span class='ocrx_word' id='word_1_330' title='bbox 443 3067 541 3113; x_wconf 91' lang='lat' dir='ltr'><strong><em>not,</em></strong></span> <span class='ocrx_word' id='word_1_331' title='bbox 560 3060 695 3105; x_wconf 92' lang='lat' dir='ltr'><strong><em>when</em></strong></span> <span class='ocrx_word' id='word_1_332' title='bbox 720 3062 783 3105; x_wconf 91' lang='lat' dir='ltr'><strong><em>all</em></strong></span> <span class='ocrx_word' id='word_1_333' title='bbox 802 3061 884 3106; x_wconf 90' lang='lat' dir='ltr'><strong><em>the</em></strong></span> <span class='ocrx_word' id='word_1_334' title='bbox 909 3062 1043 3106; x_wconf 90' lang='lat' dir='ltr'><strong><em>three</em></strong></span> <span class='ocrx_word' id='word_1_335' title='bbox 1065 3076 1193 3106; x_wconf 90' lang='lat' dir='ltr'><strong><em>seem</em></strong></span> <span class='ocrx_word' id='word_1_336' title='bbox 1222 3067 1272 3106; x_wconf 90' lang='lat' dir='ltr'><strong><em>to</em></strong></span> <span class='ocrx_word' id='word_1_337' title='bbox 1293 3062 1353 3106; x_wconf 92' lang='lat' dir='ltr'><strong><em>be</em></strong></span> <span class='ocrx_word' id='word_1_338' title='bbox 1379 3076 1441 3106; x_wconf 88' lang='lat' dir='ltr'><strong><em>on</em></strong></span> <span class='ocrx_word' id='word_1_339' title='bbox 1459 3062 1541 3106; x_wconf 88' lang='lat' dir='ltr'><strong><em>the</em></strong></span> <span class='ocrx_word' id='word_1_340' title='bbox 1561 3076 1688 3106; x_wconf 88' lang='lat' dir='ltr'><strong><em>same</em></strong></span> <span class='ocrx_word' id='word_1_341' title='bbox 1708 3062 1923 3118; x_wconf 86' lang='lat' dir='ltr'><strong><em>footing?</em></strong></span> 
     </span>
    </p>

    <p class='ocr_par' dir='ltr' id='par_1_6' title="bbox 179 3132 2015 3617">
     <span class='ocr_line' id='line_1_35' title="bbox 267 3132 2011 3191; baseline 0.001 -17"><span class='ocrx_word' id='word_1_342' title='bbox 267 3133 355 3176; x_wconf 91' lang='lat' dir='ltr'><strong><em>We</em></strong></span> <span class='ocrx_word' id='word_1_343' title='bbox 380 3146 569 3184; x_wconf 88' lang='lat' dir='ltr'><strong><em>answer,</em></strong></span> <span class='ocrx_word' id='word_1_344' title='bbox 592 3132 671 3175; x_wconf 93' lang='lat' dir='ltr'><strong><em>All</em></strong></span> <span class='ocrx_word' id='word_1_345' title='bbox 701 3133 784 3176; x_wconf 92' lang='lat' dir='ltr'><strong><em>the</em></strong></span> <span class='ocrx_word' id='word_1_346' title='bbox 814 3134 949 3177; x_wconf 89' lang='lat' dir='ltr'><strong><em>three</em></strong></span> <span class='ocrx_word' id='word_1_347' title='bbox 980 3148 1059 3178; x_wconf 89' lang='lat' dir='ltr'><strong><em>are</em></strong></span> <span class='ocrx_word' id='word_1_348' title='bbox 1084 3139 1168 3178; x_wconf 91' lang='lat' dir='ltr'><strong><em>not</em></strong></span> <span class='ocrx_word' id='word_1_349' title='bbox 1193 3148 1255 3178; x_wconf 92' lang='lat' dir='ltr'><strong><em>on</em></strong></span> <span class='ocrx_word' id='word_1_350' title='bbox 1276 3134 1358 3178; x_wconf 85' lang='lat' dir='ltr'><strong><em>the</em></strong></span> <span class='ocrx_word' id='word_1_351' title='bbox 1384 3147 1511 3178; x_wconf 90' lang='lat' dir='ltr'><strong><em>same</em></strong></span> <span class='ocrx_word' id='word_1_352' title='bbox 1544 3133 1738 3190; x_wconf 86' lang='lat' dir='ltr'><strong><em>footing.</em></strong></span> <span class='ocrx_word' id='word_1_353' title='bbox 1804 3133 1878 3176; x_wconf 94' lang='lat' dir='ltr'><strong><em>He</em></strong></span> <span class='ocrx_word' id='word_1_354' title='bbox 1903 3147 2011 3191; x_wconf 88' lang='lat' dir='ltr'><strong><em>may</em></strong></span> 
     </span>
     <span class='ocr_line' id='line_1_36' title="bbox 179 3197 2012 3263; baseline 0.001 -17"><span class='ocrx_word' id='word_1_355' title='bbox 179 3207 263 3247; x_wconf 90' lang='lat' dir='ltr'><strong><em>not</em></strong></span> <span class='ocrx_word' id='word_1_356' title='bbox 284 3203 339 3246; x_wconf 86' lang='lat' dir='ltr'><strong><em>of</em></strong></span> <span class='ocrx_word' id='word_1_357' title='bbox 362 3203 434 3246; x_wconf 88' lang='lat' dir='ltr'><strong><em>his</em></strong></span> <span class='ocrx_word' id='word_1_358' title='bbox 456 3216 558 3245; x_wconf 89' lang='lat' dir='ltr'><strong><em>own</em></strong></span> <span class='ocrx_word' id='word_1_359' title='bbox 577 3197 677 3247; x_wconf 82' lang='lat' dir='ltr'><strong><em>free</em></strong></span> <span class='ocrx_word' id='word_1_360' title='bbox 706 3204 813 3256; x_wconf 91' lang='lat' dir='ltr'><strong><em>will,</em></strong></span> <span class='ocrx_word' id='word_1_361' title='bbox 834 3218 921 3248; x_wconf 91' lang='lat' dir='ltr'><strong><em>nor</em></strong></span> <span class='ocrx_word' id='word_1_362' title='bbox 946 3219 1054 3263; x_wconf 87' lang='lat' dir='ltr'><strong><em>may</em></strong></span> <span class='ocrx_word' id='word_1_363' title='bbox 1085 3205 1122 3256; x_wconf 93' lang='lat' dir='ltr'><strong><em>I,</em></strong></span> <span class='ocrx_word' id='word_1_364' title='bbox 1159 3205 1213 3248; x_wconf 87' lang='lat' dir='ltr'><strong><em>of</em></strong></span> <span class='ocrx_word' id='word_1_365' title='bbox 1239 3206 1380 3257; x_wconf 89' lang='lat' dir='ltr'><strong><em>mine,</em></strong></span> <span class='ocrx_word' id='word_1_366' title='bbox 1406 3205 1576 3248; x_wconf 89' lang='lat' dir='ltr'><strong><em>choose</em></strong></span> <span class='ocrx_word' id='word_1_367' title='bbox 1601 3219 1629 3248; x_wconf 92' lang='lat' dir='ltr'><strong><em>a</em></strong></span> <span class='ocrx_word' id='word_1_368' title='bbox 1654 3204 1841 3248; x_wconf 87' lang='lat' dir='ltr'><strong><em>smaller</em></strong></span> <span class='ocrx_word' id='word_1_369' title='bbox 1865 3205 1937 3248; x_wconf 91' lang='lat' dir='ltr'><strong><em>sin</em></strong></span> <span class='ocrx_word' id='word_1_370' title='bbox 1961 3209 2012 3248; x_wconf 87' lang='lat' dir='ltr'><strong><em>to</em></strong></span> 
     </span>
     <span class='ocr_line' id='line_1_37' title="bbox 181 3273 2013 3333; baseline 0.001 -16"><span class='ocrx_word' id='word_1_371' title='bbox 181 3273 317 3317; x_wconf 86' lang='lat' dir='ltr'><strong><em>avoid</em></strong></span> <span class='ocrx_word' id='word_1_372' title='bbox 337 3287 365 3315; x_wconf 90' lang='lat' dir='ltr'><strong><em>a</em></strong></span> <span class='ocrx_word' id='word_1_373' title='bbox 383 3273 550 3329; x_wconf 88' lang='lat' dir='ltr'><strong><em>larger,</em></strong></span> <span class='ocrx_word' id='word_1_374' title='bbox 575 3273 774 3317; x_wconf 86' lang='lat' dir='ltr'><strong><em>because</em></strong></span> <span class='ocrx_word' id='word_1_375' title='bbox 799 3274 915 3318; x_wconf 90' lang='lat' dir='ltr'><strong><em>each</em></strong></span> <span class='ocrx_word' id='word_1_376' title='bbox 939 3275 993 3318; x_wconf 81' lang='lat' dir='ltr'><strong><em>of</em></strong></span> <span class='ocrx_word' id='word_1_377' title='bbox 1018 3289 1072 3319; x_wconf 89' lang='lat' dir='ltr'><strong><em>us</em></strong></span> <span class='ocrx_word' id='word_1_378' title='bbox 1104 3275 1190 3319; x_wconf 88' lang='lat' dir='ltr'><strong><em>has</em></strong></span> <span class='ocrx_word' id='word_1_379' title='bbox 1219 3277 1257 3319; x_wconf 88' lang='lat' dir='ltr'><strong><em>it</em></strong></span> <span class='ocrx_word' id='word_1_380' title='bbox 1289 3277 1338 3318; x_wconf 91' lang='lat' dir='ltr'><strong><em>in</em></strong></span> <span class='ocrx_word' id='word_1_381' title='bbox 1369 3276 1441 3319; x_wconf 87' lang='lat' dir='ltr'><strong><em>his</em></strong></span> <span class='ocrx_word' id='word_1_382' title='bbox 1467 3289 1624 3333; x_wconf 91' lang='lat' dir='ltr'><strong><em>power</em></strong></span> <span class='ocrx_word' id='word_1_383' title='bbox 1654 3280 1704 3318; x_wconf 90' lang='lat' dir='ltr'><strong><em>to</em></strong></span> <span class='ocrx_word' id='word_1_384' title='bbox 1733 3275 1871 3318; x_wconf 82' lang='lat' dir='ltr'><strong><em>avoid</em></strong></span> <span class='ocrx_word' id='word_1_385' title='bbox 1894 3275 2013 3319; x_wconf 90' lang='lat' dir='ltr'><strong><em>both</em></strong></span> 
     </span>
     <span class='ocr_line' id='line_1_38' title="bbox 183 3344 2012 3401; baseline 0.001 -12"><span class='ocrx_word' id='word_1_386' title='bbox 183 3346 291 3389; x_wconf 88' lang='lat' dir='ltr'><strong><em>sins.</em></strong></span> <span class='ocrx_word' id='word_1_387' title='bbox 354 3345 449 3387; x_wconf 91' lang='lat' dir='ltr'><strong><em>But</em></strong></span> <span class='ocrx_word' id='word_1_388' title='bbox 480 3344 504 3386; x_wconf 97' lang='grc' dir='ltr'>Ι</span> <span class='ocrx_word' id='word_1_389' title='bbox 524 3357 632 3401; x_wconf 90' lang='lat' dir='ltr'><strong><em>may</em></strong></span> <span class='ocrx_word' id='word_1_390' title='bbox 649 3345 879 3401; x_wconf 87' lang='lat' dir='ltr'><strong><em>persuade</em></strong></span> <span class='ocrx_word' id='word_1_391' title='bbox 903 3346 1101 3389; x_wconf 88' lang='lat' dir='ltr'><strong><em>another</em></strong></span> <span class='ocrx_word' id='word_1_392' title='bbox 1129 3351 1180 3390; x_wconf 88' lang='lat' dir='ltr'><strong><em>to</em></strong></span> <span class='ocrx_word' id='word_1_393' title='bbox 1202 3347 1371 3390; x_wconf 90' lang='lat' dir='ltr'><strong><em>choose</em></strong></span> <span class='ocrx_word' id='word_1_394' title='bbox 1391 3346 1473 3390; x_wconf 89' lang='lat' dir='ltr'><strong><em>the</em></strong></span> <span class='ocrx_word' id='word_1_395' title='bbox 1503 3347 1592 3390; x_wconf 88' lang='lat' dir='ltr'><strong><em>less</em></strong></span> <span class='ocrx_word' id='word_1_396' title='bbox 1623 3347 1695 3389; x_wconf 90' lang='lat' dir='ltr'><strong><em>sin</em></strong></span> <span class='ocrx_word' id='word_1_397' title='bbox 1724 3346 1774 3388; x_wconf 90' lang='lat' dir='ltr'><strong><em>in</em></strong></span> <span class='ocrx_word' id='word_1_398' title='bbox 1804 3347 1943 3390; x_wconf 90' lang='lat' dir='ltr'><strong><em>order</em></strong></span> <span class='ocrx_word' id='word_1_399' title='bbox 1962 3351 2012 3391; x_wconf 87' lang='lat' dir='ltr'><strong><em>to</em></strong></span> 
     </span>
     <span class='ocr_line' id='line_1_39' title="bbox 183 3414 2014 3474; baseline 0.001 -14"><span class='ocrx_word' id='word_1_400' title='bbox 183 3416 320 3460; x_wconf 86' lang='lat' dir='ltr'><strong><em>avoid</em></strong></span> <span class='ocrx_word' id='word_1_401' title='bbox 339 3414 421 3459; x_wconf 89' lang='lat' dir='ltr'><strong><em>the</em></strong></span> <span class='ocrx_word' id='word_1_402' title='bbox 445 3419 642 3472; x_wconf 86' lang='lat' dir='ltr'><strong><em>greater,</em></strong></span> <span class='ocrx_word' id='word_1_403' title='bbox 664 3415 862 3459; x_wconf 84' lang='lat' dir='ltr'><strong><em>because</em></strong></span> <span class='ocrx_word' id='word_1_404' title='bbox 892 3416 931 3459; x_wconf 88' lang='lat' dir='ltr'><strong><em>it</em></strong></span> <span class='ocrx_word' id='word_1_405' title='bbox 960 3416 999 3459; x_wconf 91' lang='lat' dir='ltr'><strong><em>is</em></strong></span> <span class='ocrx_word' id='word_1_406' title='bbox 1027 3421 1111 3460; x_wconf 88' lang='lat' dir='ltr'><strong><em>not</em></strong></span> <span class='ocrx_word' id='word_1_407' title='bbox 1136 3417 1187 3459; x_wconf 91' lang='lat' dir='ltr'><strong><em>in</em></strong></span> <span class='ocrx_word' id='word_1_408' title='bbox 1209 3432 1290 3474; x_wconf 92' lang='lat' dir='ltr'><strong><em>my</em></strong></span> <span class='ocrx_word' id='word_1_409' title='bbox 1314 3431 1471 3474; x_wconf 92' lang='lat' dir='ltr'><strong><em>power</em></strong></span> <span class='ocrx_word' id='word_1_410' title='bbox 1494 3422 1544 3460; x_wconf 91' lang='lat' dir='ltr'><strong><em>to</em></strong></span> <span class='ocrx_word' id='word_1_411' title='bbox 1564 3421 1761 3474; x_wconf 89' lang='lat' dir='ltr'><strong><em>prevent</em></strong></span> <span class='ocrx_word' id='word_1_412' title='bbox 1781 3417 1911 3462; x_wconf 85' lang='lat' dir='ltr'><strong><em>both.</em></strong></span> <span class='ocrx_word' id='word_1_413' title='bbox 1988 3418 2014 3462; x_wconf 94' lang='lat' dir='ltr'>I</span> 
     </span>
     <span class='ocr_line' id='line_1_40' title="bbox 184 3486 2015 3548; baseline 0.001 -17"><span class='ocrx_word' id='word_1_414' title='bbox 184 3492 308 3531; x_wconf 93' lang='lat' dir='ltr'><strong><em>must</em></strong></span> <span class='ocrx_word' id='word_1_415' title='bbox 328 3492 404 3545; x_wconf 92' lang='lat' dir='ltr'><strong><em>try</em></strong></span> <span class='ocrx_word' id='word_1_416' title='bbox 428 3491 477 3530; x_wconf 92' lang='lat' dir='ltr'><strong><em>to</em></strong></span> <span class='ocrx_word' id='word_1_417' title='bbox 499 3490 694 3544; x_wconf 87' lang='lat' dir='ltr'><strong><em>prevent</em></strong></span> <span class='ocrx_word' id='word_1_418' title='bbox 717 3486 863 3538; x_wconf 83' lang='lat' dir='ltr'><strong><em>both3</em></strong></span> <span class='ocrx_word' id='word_1_419' title='bbox 891 3486 978 3530; x_wconf 91' lang='lat' dir='ltr'><strong><em>but</em></strong></span> <span class='ocrx_word' id='word_1_420' title='bbox 1003 3487 1045 3529; x_wconf 85' lang='lat' dir='ltr'><strong><em>if</em></strong></span> <span class='ocrx_word' id='word_1_421' title='bbox 1070 3488 1094 3530; x_wconf 98' lang='grc' dir='ltr'>Ι</span> <span class='ocrx_word' id='word_1_422' title='bbox 1125 3493 1297 3531; x_wconf 89' lang='lat' dir='ltr'><strong><em>cannot</em></strong></span> <span class='ocrx_word' id='word_1_423' title='bbox 1322 3488 1382 3531; x_wconf 91' lang='lat' dir='ltr'><strong><em>do</em></strong></span> <span class='ocrx_word' id='word_1_424' title='bbox 1409 3487 1532 3531; x_wconf 89' lang='lat' dir='ltr'><strong><em>what</em></strong></span> <span class='ocrx_word' id='word_1_425' title='bbox 1551 3489 1576 3531; x_wconf 96' lang='lat' dir='ltr'>I</span> <span class='ocrx_word' id='word_1_426' title='bbox 1595 3488 1749 3531; x_wconf 89' lang='lat' dir='ltr'><strong><em>would</em></strong></span> <span class='ocrx_word' id='word_1_427' title='bbox 1778 3489 1871 3533; x_wconf 89' lang='lat' dir='ltr'><strong><em>this</em></strong></span> <span class='ocrx_word' id='word_1_428' title='bbox 1901 3504 2015 3548; x_wconf 88' lang='lat' dir='ltr'><strong><em>way,</em></strong></span> 
     </span>
     <span class='ocr_line' id='line_1_41' title="bbox 185 3557 1932 3617; baseline 0.002 -15"><span class='ocrx_word' id='word_1_429' title='bbox 185 3560 209 3602; x_wconf 94' lang='lat' dir='ltr'>I</span> <span class='ocrx_word' id='word_1_430' title='bbox 230 3559 289 3603; x_wconf 93' lang='lat' dir='ltr'><strong><em>do</em></strong></span> <span class='ocrx_word' id='word_1_431' title='bbox 309 3559 432 3602; x_wconf 89' lang='lat' dir='ltr'><strong><em>what</em></strong></span> <span class='ocrx_word' id='word_1_432' title='bbox 453 3559 477 3601; x_wconf 94' lang='lat' dir='ltr'>I</span> <span class='ocrx_word' id='word_1_433' title='bbox 498 3557 643 3615; x_wconf 88' lang='lat' dir='ltr'><strong><em>ought</em></strong></span> <span class='ocrx_word' id='word_1_434' title='bbox 663 3558 712 3600; x_wconf 91' lang='lat' dir='ltr'><strong><em>in</em></strong></span> <span class='ocrx_word' id='word_1_435' title='bbox 732 3559 1013 3615; x_wconf 90' lang='lat' dir='ltr'><strong><em>persuading</em></strong></span> <span class='ocrx_word' id='word_1_436' title='bbox 1036 3557 1117 3602; x_wconf 89' lang='lat' dir='ltr'><strong><em>the</em></strong></span> <span class='ocrx_word' id='word_1_437' title='bbox 1136 3558 1225 3603; x_wconf 89' lang='lat' dir='ltr'><strong><em>less</em></strong></span> <span class='ocrx_word' id='word_1_438' title='bbox 1245 3563 1295 3603; x_wconf 89' lang='lat' dir='ltr'><strong><em>to</em></strong></span> <span class='ocrx_word' id='word_1_439' title='bbox 1315 3563 1515 3616; x_wconf 87' lang='lat' dir='ltr'><strong><em>prevent</em></strong></span> <span class='ocrx_word' id='word_1_440' title='bbox 1535 3559 1617 3603; x_wconf 91' lang='lat' dir='ltr'><strong><em>the</em></strong></span> <span class='ocrx_word' id='word_1_441' title='bbox 1641 3564 1826 3617; x_wconf 88' lang='lat' dir='ltr'><strong><em>greater</em></strong></span> <span class='ocrx_word' id='word_1_442' title='bbox 1846 3562 1932 3605; x_wconf 90' lang='lat' dir='ltr'><strong><em>sin.</em></strong></span> 
     </span>
    </p>

    <p class='ocr_par' dir='ltr' id='par_1_7' title="bbox 186 3629 2015 3761">
     <span class='ocr_line' id='line_1_42' title="bbox 279 3629 2014 3688; baseline 0.003 -15"><span class='ocrx_word' id='word_1_443' title='bbox 279 3635 351 3674; x_wconf 83' lang='lat'><strong><em>20.</em></strong></span> <span class='ocrx_word' id='word_1_444' title='bbox 413 3629 520 3673; x_wconf 90' lang='lat' dir='ltr'><strong><em>And</em></strong></span> <span class='ocrx_word' id='word_1_445' title='bbox 548 3629 655 3673; x_wconf 87' lang='lat' dir='ltr'><strong><em>thus</em></strong></span> <span class='ocrx_word' id='word_1_446' title='bbox 681 3643 749 3673; x_wconf 90' lang='lat' dir='ltr'><strong><em>we</em></strong></span> <span class='ocrx_word' id='word_1_447' title='bbox 775 3644 853 3673; x_wconf 90' lang='lat' dir='ltr'><strong><em>see</em></strong></span> <span class='ocrx_word' id='word_1_448' title='bbox 877 3630 959 3674; x_wconf 91' lang='lat' dir='ltr'><strong><em>the</em></strong></span> <span class='ocrx_word' id='word_1_449' title='bbox 991 3631 1210 3688; x_wconf 86' lang='lat' dir='ltr'><strong><em>meaning</em></strong></span> <span class='ocrx_word' id='word_1_450' title='bbox 1239 3630 1293 3674; x_wconf 85' lang='lat' dir='ltr'><strong><em>of</em></strong></span> <span class='ocrx_word' id='word_1_451' title='bbox 1318 3630 1399 3674; x_wconf 86' lang='lat' dir='ltr'><strong><em>the</em></strong></span> <span class='ocrx_word' id='word_1_452' title='bbox 1424 3631 1609 3683; x_wconf 82' lang='lat' dir='ltr'><strong><em>maxim,</em></strong></span> <span class='ocrx_word' id='word_1_453' title='bbox 1642 3632 1711 3675; x_wconf 87' lang='lat' dir='ltr'><strong><em>To</em></strong></span> <span class='ocrx_word' id='word_1_454' title='bbox 1737 3631 1906 3677; x_wconf 91' lang='lat' dir='ltr'><strong><em>choose</em></strong></span> <span class='ocrx_word' id='word_1_455' title='bbox 1931 3633 2014 3678; x_wconf 86' lang='lat' dir='ltr'><strong><em>the</em></strong></span> 
     </span>
     <span class='ocr_line' id='line_1_43' title="bbox 186 3701 2015 3761; baseline 0.002 -15"><span class='ocrx_word' id='word_1_456' title='bbox 186 3702 303 3746; x_wconf 90' lang='lat' dir='ltr'><strong><em>least</em></strong></span> <span class='ocrx_word' id='word_1_457' title='bbox 334 3702 387 3746; x_wconf 85' lang='lat' dir='ltr'><strong><em>of</em></strong></span> <span class='ocrx_word' id='word_1_458' title='bbox 412 3702 537 3752; x_wconf 90' lang='lat' dir='ltr'><strong><em>evils,</em></strong></span> <span class='ocrx_word' id='word_1_459' title='bbox 568 3701 778 3745; x_wconf 88' lang='lat' dir='ltr'><strong><em>whether</em></strong></span> <span class='ocrx_word' id='word_1_460' title='bbox 802 3702 989 3760; x_wconf 89' lang='lat' dir='ltr'><strong><em>applied</em></strong></span> <span class='ocrx_word' id='word_1_461' title='bbox 1012 3706 1062 3745; x_wconf 93' lang='lat' dir='ltr'><strong><em>to</em></strong></span> <span class='ocrx_word' id='word_1_462' title='bbox 1093 3702 1204 3745; x_wconf 90' lang='lat' dir='ltr'><strong><em>evils</em></strong></span> <span class='ocrx_word' id='word_1_463' title='bbox 1244 3702 1298 3745; x_wconf 85' lang='lat' dir='ltr'><strong><em>of</em></strong></span> <span class='ocrx_word' id='word_1_464' title='bbox 1324 3702 1395 3746; x_wconf 91' lang='lat' dir='ltr'><strong><em>sin</em></strong></span> <span class='ocrx_word' id='word_1_465' title='bbox 1431 3716 1485 3746; x_wconf 92' lang='lat' dir='ltr'><strong><em>or</em></strong></span> <span class='ocrx_word' id='word_1_466' title='bbox 1520 3702 1574 3746; x_wconf 87' lang='lat' dir='ltr'><strong><em>of</em></strong></span> <span class='ocrx_word' id='word_1_467' title='bbox 1601 3703 1835 3761; x_wconf 84' lang='lat' dir='ltr'><strong><em>suffering.</em></strong></span> <span class='ocrx_word' id='word_1_468' title='bbox 1914 3705 2015 3749; x_wconf 88' lang='lat' dir='ltr'><strong><em>The</em></strong></span> 
     </span>
    </p>
   </div>
   <div class='ocr_carea' id='block_1_4' title="bbox 188 3772 2017 3902">
    <p class='ocr_par' dir='ltr' id='par_1_8' title="bbox 188 3772 2017 3902">
     <span class='ocr_line' id='line_1_44' title="bbox 188 3772 2017 3832; baseline 0.003 -16"><span class='ocrx_word' id='word_1_469' title='bbox 188 3774 360 3816; x_wconf 86' lang='lat' dir='ltr'><strong><em>maxim</em></strong></span> <span class='ocrx_word' id='word_1_470' title='bbox 383 3774 421 3816; x_wconf 91' lang='lat' dir='ltr'><strong><em>is</em></strong></span> <span class='ocrx_word' id='word_1_471' title='bbox 445 3777 565 3825; x_wconf 88' lang='lat' dir='ltr'><strong><em>true,</em></strong></span> <span class='ocrx_word' id='word_1_472' title='bbox 595 3772 839 3817; x_wconf 91' lang='lat' dir='ltr'><strong><em>whenever</em></strong></span> <span class='ocrx_word' id='word_1_473' title='bbox 863 3774 900 3817; x_wconf 91' lang='lat' dir='ltr'><strong><em>it</em></strong></span> <span class='ocrx_word' id='word_1_474' title='bbox 920 3774 957 3818; x_wconf 89' lang='lat' dir='ltr'><strong><em>is</em></strong></span> <span class='ocrx_word' id='word_1_475' title='bbox 989 3774 1038 3816; x_wconf 92' lang='lat' dir='ltr'><strong><em>in</em></strong></span> <span class='ocrx_word' id='word_1_476' title='bbox 1069 3787 1155 3817; x_wconf 92' lang='lat' dir='ltr'><strong><em>our</em></strong></span> <span class='ocrx_word' id='word_1_477' title='bbox 1179 3787 1335 3832; x_wconf 90' lang='lat' dir='ltr'><strong><em>power</em></strong></span> <span class='ocrx_word' id='word_1_478' title='bbox 1359 3778 1408 3817; x_wconf 89' lang='lat' dir='ltr'><strong><em>to</em></strong></span> <span class='ocrx_word' id='word_1_479' title='bbox 1440 3774 1576 3819; x_wconf 88' lang='lat' dir='ltr'><strong><em>avoid</em></strong></span> <span class='ocrx_word' id='word_1_480' title='bbox 1595 3788 1684 3819; x_wconf 92' lang='lat' dir='ltr'><strong><em>one</em></strong></span> <span class='ocrx_word' id='word_1_481' title='bbox 1710 3775 1764 3819; x_wconf 89' lang='lat' dir='ltr'><strong><em>of</em></strong></span> <span class='ocrx_word' id='word_1_482' title='bbox 1787 3776 1869 3820; x_wconf 86' lang='lat' dir='ltr'><strong><em>the</em></strong></span> <span class='ocrx_word' id='word_1_483' title='bbox 1891 3777 2017 3829; x_wconf 83' lang='lat' dir='ltr'><strong><em>evils,</em></strong></span> 
     </span>
     <span class='ocr_line' id='line_1_45' title="bbox 192 3845 1168 3902; baseline 0.002 -15"><span class='ocrx_word' id='word_1_484' title='bbox 192 3845 281 3887; x_wconf 90' lang='lat' dir='ltr'><strong><em>and</em></strong></span> <span class='ocrx_word' id='word_1_485' title='bbox 304 3845 340 3888; x_wconf 92' lang='lat' dir='ltr'><strong><em>is</em></strong></span> <span class='ocrx_word' id='word_1_486' title='bbox 363 3849 443 3887; x_wconf 92' lang='lat' dir='ltr'><strong><em>not</em></strong></span> <span class='ocrx_word' id='word_1_487' title='bbox 465 3845 512 3887; x_wconf 91' lang='lat' dir='ltr'><strong><em>in</em></strong></span> <span class='ocrx_word' id='word_1_488' title='bbox 534 3858 619 3887; x_wconf 88' lang='lat' dir='ltr'><strong><em>our</em></strong></span> <span class='ocrx_word' id='word_1_489' title='bbox 638 3859 793 3902; x_wconf 88' lang='lat' dir='ltr'><strong><em>power</em></strong></span> <span class='ocrx_word' id='word_1_490' title='bbox 812 3850 861 3889; x_wconf 90' lang='lat' dir='ltr'><strong><em>to</em></strong></span> <span class='ocrx_word' id='word_1_491' title='bbox 884 3845 1018 3888; x_wconf 86' lang='lat' dir='ltr'><strong><em>avoid</em></strong></span> <span class='ocrx_word' id='word_1_492' title='bbox 1039 3845 1168 3889; x_wconf 88' lang='lat' dir='ltr'><strong><em>both.</em></strong></span> 
     </span>
    </p>
   </div>
  </div>
 </body>
</html>
