2482 4166
418 246 523 297 144
673 254 760 297 DE
801 253 1029 299 LEGUM
1068 252 1493 299 HUMANARUM
1535 254 1986 302 OBLIGATIONE.

421 382 664 435 Omnium
710 388 820 435 toto
867 382 993 435 orbe
1033 382 1339 453 populorum
1374 401 1637 447 consensu,
1662 386 1801 453 jura
1836 382 2026 453 ubique
2062 382 2252 436 favisse

418 472 617 517 certum
645 471 725 518 est
743 467 1045 534 possidenti
1064 485 1081 517 .·
1125 472 1178 518 et
1210 464 1264 516 in
1297 464 1582 519 istiusmodi
1618 466 1818 519 casibus
1858 465 2077 518 obtinuit
2118 483 2252 518 sem-

418 565 514 618 per
556 547 757 600 celebre
797 547 925 600 illud
961 546 1442 617 jurisconsultorum
1488 548 1896 617 pronunciatum,
1944 542 2051 600 hIn
2093 548 2250 600 rebus

418 630 602 683 dubiis
629 631 817 683 melior
845 639 921 682 est
950 630 1184 682 conditio
1204 631 1549 698 possidentis.

399 705 401 707 ’
545 713 694 766 XVI.
783 712 1042 773 Ceterum,
1100 710 1189 763 ubi
1242 709 1355 780 quis
1393 712 1556 780 pulso
1605 710 1657 763 vi
1708 716 1762 762 et
1806 711 1964 764 armis
2016 712 2252 780 Zeyitimo

412 796 665 867 principe
701 792 951 865 regnique
985 792 1209 854 haerede,
1240 792 1323 845 vel
1360 791 1433 845 ita
1472 810 1718 861 oppresso
1748 798 1806 845 ut
1836 793 1923 862 jus
1959 811 2106 845 suum
2136 810 2254 862 per-

420 877 567 947 sequi
595 894 698 928 non
720 875 894 946 possit,
926 893 986 927 eo
1021 882 1196 927 tamen
1228 874 1398 927 adhuc
1444 873 1735 944 superstite,
1774 873 1979 945 imperii
2023 874 2254 926 habenas

420 958 621 1028 arripit,
666 965 719 1010 et
757 975 811 1010 se
849 975 945 1026 pro
981 960 1125 1026 Reye
1164 956 1315 1027 gerit,
1356 974 1514 1026 quum
1548 956 1614 1009 sit
1641 955 1813 1009 verius
1843 958 1997 1025 reyni
2031 958 2254 1009 invasor

420 1059 574 1111 quam
605 1043 721 1093 Rex
740 1061 759 1099 ;
805 1038 880 1090 ita
904 1045 963 1091 ut
984 1037 1094 1108 jam
1123 1056 1225 1090 non
1263 1037 1330 1091 sit
1357 1040 1509 1091 ultra
1531 1039 1628 1106 jus
1665 1040 1904 1101 dubium,
1936 1038 2027 1090 sed
2058 1048 2255 1107 aperta

420 1124 632 1190 injuria
652 1141 668 1172 :
708 1120 752 1173 si
780 1119 967 1189 quaeris
1004 1119 1127 1189 quid
1160 1119 1214 1171 in
1252 1120 1350 1171 hoc
1386 1138 1508 1172 casu
1538 1121 1669 1172 bono
1698 1120 1797 1173 civi
1821 1120 2110 1173 faciendum
2142 1137 2254 1171 esse

420 1221 656 1256 censeam
705 1201 793 1272 qui
831 1203 1157 1269 fidelitatem
1202 1200 1430 1272 legitimo
1475 1201 1696 1272 principi
1745 1201 1965 1255 fortasse
1998 1202 2217 1269 juravit
2233 1220 2255 1261 ;

419 1293 513 1339 aut
542 1286 584 1339 si
619 1303 722 1337 non
750 1283 965 1355 juravit,
995 1301 1099 1335 non
1128 1282 1293 1335 minus
1321 1289 1496 1336 tamen
1525 1284 1573 1336 ei
1601 1283 1771 1346 debet,
1803 1301 1958 1353 quam
1986 1283 2030 1336 si
2050 1282 2257 1354 juratus

421 1375 589 1421 esset:
642 1367 770 1419 Dico
808 1368 979 1429 tertio,
1025 1365 1150 1417 mihi
1187 1365 1368 1429 videri,
1417 1384 1521 1418 non
1564 1365 1726 1419 solum
1764 1365 1918 1419 licere
1963 1366 2096 1419 bono
2142 1364 2253 1427 civi,
2278 1369 2308 1411 3

424 1453 626 1520 leyibus
666 1450 731 1502 ab
777 1467 837 1501 eo
882 1448 970 1517 qui
1009 1466 1263 1500 summum
1307 1447 1579 1519 imperium
1618 1451 1683 1501 de
1713 1450 1875 1516 facto
1909 1447 2001 1501 sed
2037 1466 2143 1501 non
2191 1449 2258 1500 de

409 1534 538 1601 jure
565 1531 794 1603 possidet
821 1530 940 1583 latis
969 1548 1169 1601 parere,
1201 1530 1403 1600 aliaque
1439 1531 1505 1583 ab
1540 1549 1600 1583 eo
1639 1533 1914 1600 imperata
1951 1530 2124 1598 (modo
2153 1547 2257 1581 non

423 1615 490 1668 sit
505 1617 672 1684 factu
707 1625 860 1682 turpe
888 1619 978 1665 aut
1012 1614 1270 1681 injustum
1309 1613 1447 1681 quod
1490 1612 1796 1683 imperatur)
1826 1612 2030 1665 facere:
2073 1630 2256 1665 verum

423 1697 594 1757 etiam,
622 1695 914 1766 postulante
943 1695 1283 1747 humanarum
1311 1713 1486 1747 rerum
1514 1694 1818 1757 conditione,
1850 1712 1910 1746 eo
1939 1693 2256 1746 necessitatis

424 1778 659 1832 devenir-i
697 1795 861 1848 posse,
901 1777 1133 1846 adeoque
1173 1776 1448 1846 saepissime
1478 1776 1729 1839 deveniri,
1768 1782 1827 1829 ut
1865 1776 1920 1828 ni
1955 1775 2026 1829 sic
2058 1775 2253 1837 fecerit,

422 1860 645 1913 defuisse
682 1859 843 1912 officio
873 1877 964 1911 suo
994 1858 1359 1911 existimandus
1388 1858 1468 1912 sit.
1541 1858 1707 1928 Atqui
1736 1852 1950 1911 idictum
1979 1864 2058 1910 est
2085 1857 2254 1920 mod0‚

422 1945 592 2012 Leyes
619 1961 652 1994 a
680 1960 783 1999 non
810 1941 1036 1993 habente
1067 1942 1365 2009 leyitimam
1382 1951 1701 2011 potestatem
1729 1940 1858 1993 latas
1886 1959 1991 1993 ‘non
2017 1941 2257 2009 obliyare

422 2025 476 2077 in
504 2023 823 2077 conscientia.
906 2022 1117 2075 Dictum
1146 2039 1284 2084 sane,
1316 2030 1369 2076 et
1398 2023 1603 2092 quidem
1634 2041 1757 2075 vere
1786 2021 2014 2075 dictum:
2057 2039 2167 2086 nec,
2197 2028 2257 2074 ut

422 2107 620 2178 opinor,
667 2106 769 2159 ista
804 2111 1055 2178 pugnant.
1143 2106 1422 2174 Obliyetur
1458 2105 1578 2158 licet
1606 2104 1840 2158 subditus
1869 2104 1936 2156 ad
1964 2103 2257 2155 faciendum

423 2190 561 2259 quod
582 2190 698 2260 lege
721 2196 946 2250 cavetur,
971 2205 1075 2239 non
1099 2193 1274 2239 tamen
1299 2189 1402 2257 Zeyi
1424 2187 1701 2259 obligatur,
1723 2187 1814 2239 sed
1834 2187 1941 2239 sibi
1965 2196 2013 2238 et
2030 2187 2255 2254 patriae.

422 2273 576 2341 Leyi,
609 2290 723 2341 quae
751 2289 873 2324 vere
903 2272 1015 2322 Lex
1043 2276 1137 2332 est,
1169 2269 1235 2322 de
1268 2288 1323 2322 se
1355 2276 1408 2323 et
1437 2277 1690 2339 quatenus
1717 2269 1803 2322 lex
1828 2275 1922 2332 est,
1952 2284 2154 2321 annexa
2180 2273 2259 2320 est

472 2452 490 2479 h
522 2454 651 2503 [conf.
682 2454 786 2491 infra
809 2454 995 2493 Praelect.
1014 2465 1073 2491 VI.
1100 2453 1208 2490 Sect.
1225 2453 1298 2498 17;
1385 2451 1486 2499 Cap.
1506 2451 1614 2488 xxiii.
1635 2451 1740 2488 Sect.
1763 2451 1823 2487 11.
1842 2449 1899 2499 1.]

424 2519 465 2552 et
486 2517 600 2554 Grot.
620 2517 668 2553 de
688 2517 776 2554 Jur.
795 2518 898 2554 Belli
923 2528 969 2553 ac
986 2516 1114 2561 Pacis,
1138 2516 1227 2554 Lib.
1249 2526 1297 2553 11.
1434 2512 1465 2562 [¹
1494 2525 1614 2562 supra
1632 2514 1736 2550 Sect.
1757 2511 1839 2561 11.]

518 2625 588 2664 16.
657 2622 871 2678 Thirdly:
926 2621 1138 2677 Suppose
1166 2618 1272 2663 that
1312 2631 1441 2663 some
1466 2631 1556 2661 one
1589 2617 1740 2661 drives
1779 2621 1862 2661 out
1890 2616 1971 2662 the
1999 2617 2258 2674 legitimate

424 2692 586 2749 prince
605 2692 668 2749 by
685 2692 814 2734 force
840 2691 933 2733 and
954 2704 1090 2741 arms,
1116 2704 1169 2733 or
1190 2703 1239 2733 so
1265 2689 1338 2732 far
1363 2688 1566 2731 controls
1598 2687 1697 2730 him
1717 2688 1820 2730 that
1850 2688 1911 2732 he
1946 2692 2118 2732 cannot
2148 2701 2258 2745 pur.

425 2776 508 2806 sue
533 2762 604 2806 his
629 2762 779 2819 right3
811 2762 905 2804 and
926 2761 1059 2804 while
1077 2760 1139 2803 he
1159 2760 1255 2804 still
1276 2759 1494 2810 survives,
1520 2759 1660 2802 seizes
1684 2758 1766 2801 the
1786 2759 1909 2802 reins
1931 2759 1986 2802 of
2005 2758 2257 2815 authority,

425 2834 519 2876 and
544 2837 641 2876 acts
662 2847 711 2876 as
737 2833 876 2888 King,
891 2831 1071 2888 though
1095 2830 1155 2874 he
1174 2831 1211 2874 is
1231 2830 1378 2887 really
1398 2843 1459 2873 an
1478 2842 1675 2885 usurper
1687 2844 1700 2880 3
1729 2828 1821 2871 this
1838 2829 1976 2884 being
1994 2832 2076 2871 not
2104 2842 2132 2871 a
2152 2841 2256 2871 case

427 2904 581 2947 where
602 2904 683 2947 the
704 2903 830 2960 right
850 2904 887 2946 is
910 2902 1141 2954 doubtful,
1161 2901 1247 2945 but
1273 2900 1425 2943 where
1457 2898 1539 2943 the
1568 2912 1726 2955 wrong
1751 2898 1789 2940 is
1816 2898 2027 2941 evident:
2061 2898 2185 2941 what
2215 2898 2255 2942 is

425 2989 454 3018 a
474 2975 595 3032 good
615 2975 780 3018 citizen
800 2978 849 3017 to
871 2974 946 3025 do,
962 2973 1063 3016 who
1084 2972 1167 3016 has
1188 2985 1338 3017 sworn
1357 2970 1539 3028 fidelity
1559 2974 1609 3013 to
1630 2969 1712 3012 the
1730 2969 1987 3026 legitimate
2006 2968 2181 3026 prince,
2203 2981 2256 3011 or

425 3047 464 3089 is
490 3060 539 3089 as
564 3046 707 3089 much
726 3045 885 3089 bound
912 3058 961 3088 as
989 3044 1032 3087 if
1050 3043 1111 3087 he
1129 3043 1224 3086 had
1249 3056 1299 3087 so
1322 3041 1501 3086 sworn?

529 3117 796 3160 Sanderson
830 3130 947 3173 says,
984 3115 1088 3158 that
1114 3115 1152 3157 it
1178 3115 1216 3158 is
1251 3118 1336 3157 not
1371 3113 1482 3170 only
1505 3111 1663 3155 lawful
1694 3107 1934 3167 (morally)
1969 3108 2045 3152 for
2075 3123 2104 3152 a
2133 3109 2256 3166 good

426 3188 593 3232 citizen
627 3192 676 3232 to
706 3188 825 3245 obey
849 3187 931 3231 the
956 3187 1065 3230 laws
1094 3176 1232 3229 made
1256 3185 1319 3242 by
1340 3199 1368 3227 a
1387 3184 1514 3227 ruler
1545 3184 1597 3226 dc
1615 3184 1764 3239 facto,
1785 3180 1888 3223 who
1909 3181 1948 3223 is
1969 3184 2053 3223 not
2078 3194 2106 3223 a
2130 3180 2257 3224 ruler

425 3260 477 3302 de
492 3261 597 3317 jure
613 3275 626 3301 .·
660 3257 907 3316 (provided
931 3257 1055 3301 what
1079 3257 1118 3300 is
1140 3255 1448 3300 commanded
1471 3254 1531 3297 be
1551 3258 1635 3297 not
1660 3251 1942 3310 disgraceful
1966 3264 2019 3294 or
2048 3245 2257 3307 unJustz)

424 3329 510 3372 but
529 3330 632 3373 that
652 3331 689 3374 it
714 3344 820 3387 may
844 3329 1045 3387 happen,
1076 3328 1170 3371 and
1191 3327 1302 3370 does
1329 3326 1461 3370 often
1484 3325 1685 3382 happen,
1709 3324 1814 3367 that
1835 3322 1916 3366 the
1942 3322 2182 3365 condition
2207 3320 2262 3365 of

426 3399 582 3457 things
603 3402 641 3444 is
667 3401 795 3452 such,
815 3400 919 3444 that
941 3400 983 3443 if
1002 3399 1062 3442 he
1084 3399 1144 3442 do
1166 3402 1250 3441 not
1270 3398 1390 3456 obey
1414 3397 1475 3440 he
1494 3396 1701 3453 neglects
1723 3409 1751 3437 a
1776 3394 1906 3450 duty.

522 3472 769 3530 Objection:
808 3472 853 3515 It
882 3485 974 3514 was
1002 3469 1156 3515 stated
1192 3468 1356 3513 before
1396 3467 1517 3523 (Art.
1549 3468 1590 3519 7,
1610 3461 1720 3516 διο.)
1750 3464 1855 3508 that
1885 3463 1993 3506 laws
2025 3462 2163 3505 made
2194 3462 2258 3519 by

428 3554 517 3585 one
546 3542 649 3586 who
678 3542 763 3586 has
793 3547 877 3587 not
904 3543 1163 3600 legitimate
1191 3554 1347 3598 power
1379 3553 1459 3583 are
1493 3542 1577 3581 not
1606 3536 1754 3593 really
1784 3535 1931 3585 Laws,
1958 3532 2053 3576 and
2088 3532 2148 3576 do
2173 3536 2257 3576 not

429 3611 595 3668 oblige.
1453 3641 1458 3644 .

520 3682 732 3727 Answer:
783 3684 894 3729 This
930 3684 969 3730 is
1001 3688 1130 3729 true:
1175 3681 1258 3727 the
1301 3680 1558 3738 obligation
1594 3677 1705 3722 does
1739 3679 1823 3720 not
1863 3674 1983 3719 arise
2017 3673 2140 3718 from
2174 3672 2256 3718 the

428 3752 552 3795 Law.
