2482 4166
652 274 863 319 INDEX
903 273 1223 319 NOMINUM
1263 274 1346 318 ET
1386 274 1631 319 RERUM.

218 399 413 449 Proselyti
429 399 573 443 Portae,
591 399 633 435 et
651 396 680 434 J
681 395 829 433 ustitiae
844 395 896 433 iv.
916 395 979 436 29.

218 463 491 500 Protestantes
520 458 720 507 Theologi
744 469 824 506 qua
847 458 897 495 de
925 467 970 495 re
998 468 1093 494 con-

265 524 396 573 questi
413 524 494 560 sint
510 522 551 559 ii.
573 523 635 560 15.

215 585 520 634 Pseudapostoli
537 596 559 622 e
577 584 605 623 J
606 583 881 622 udaizantibus
900 582 1093 621 Christia-

264 648 325 685 nis
342 659 378 685 v,
399 648 463 685 33.

645 764 684 801 R

213 853 519 892 RABmNomm
540 854 689 903 scripta
704 854 756 892 vi.
773 855 835 892 32.

215 914 400 951 Rationis
429 915 565 953 lumen
594 915 645 953 vi.
671 917 713 954 3.
764 915 860 964 quid
893 914 946 952 sit
974 915 1001 952 i.
1028 915 1089 953 25.

263 976 358 1024 quid
369 978 575 1025 appellent
590 977 821 1015 Scholastici
840 977 895 1016 iv.
906 979 966 1015 12.
984 981 1094 1015 recta

261 1038 365 1074 ratio
379 1042 440 1075 est
452 1038 681 1076 immediata
692 1039 943 1076 conscientias
954 1039 1094 1088 regula

262 1100 303 1137 ii.
322 1101 359 1137 3.
409 1099 574 1136 rationis
588 1100 768 1137 discursu
784 1103 942 1138 constat
956 1100 1092 1138 lumen

261 1161 500 1209 acquisitum
540 1161 592 1198 iv.
640 1163 703 1200 35.
779 1162 947 1200 rationis
989 1162 1093 1200 circa

262 1223 507 1272 Scripturam
526 1224 675 1273 duplex
692 1236 787 1261 usus
805 1225 858 1262 iv.
871 1224 932 1264 36.

213 1286 429 1323 Rectitudo
463 1286 575 1336 cujus
607 1287 679 1335 rei,
714 1287 755 1324 in
791 1298 871 1336 quo
901 1287 1093 1326 consistat

259 1347 299 1384 ii.
319 1350 358 1386 3.

211 1409 524 1456 Reformatores,
554 1410 749 1457 Puritani,
790 1422 926 1448 eorum
967 1412 1092 1450 libelli

260 1472 312 1510 iii.
332 1473 391 1510 15.
442 1484 579 1510 eorum
614 1472 864 1522 (μετάβασις
892 1475 949 1512 ele
982 1474 1091 1513 ἄλλο

261 1536 394 1584 γένος)
413 1537 575 1574 solenne
593 1537 730 1574 vitium
748 1550 785 1575 v.
799 1540 863 1576 32.
915 1539 1091 1587 discipli-

259 1599 359 1635 narii
370 1599 545 1647 Papismi
558 1603 785 1648 arguuntur
800 1601 864 1638 vii.
880 1601 943 1641 29.
969 1602 1090 1639 Eras-

260 1661 358 1697 tiani
375 1661 471 1709 quid
490 1662 665 1698 sentiant
692 1662 742 1699 de
768 1666 935 1700 externo
962 1664 1089 1701 eccle-

259 1724 326 1760 siae
342 1724 536 1772 regimine
561 1724 614 1762 ib.
662 1724 915 1774 ἀδιαφορίαν
934 1737 1089 1765 omnem

260 1798 281 1823 e
298 1787 416 1823 rebus
433 1787 573 1824 volunt
584 1787 781 1824 sublatam
798 1788 848 1825 vi.
867 1790 930 1826 23.

209 1849 343 1897 Reges
360 1849 479 1897 prisci
497 1850 619 1886 seculi
637 1850 701 1888 vii.
722 1852 784 1888 13.
833 1852 954 1900 regiae
979 1852 1091 1902 leges

257 1911 362 1947 unde
380 1911 496 1948 dietae
514 1911 582 1949 vii.
602 1914 662 1950 10.
714 1913 836 1962 regiae
860 1914 1009 1952 chartae
1038 1917 1089 1953 ib.

257 1974 319 2010 20.

207 2035 247 2071 in
265 2046 391 2084 regno
409 2036 575 2074 electivo
594 2047 684 2085 quse
701 2037 781 2075 sint
797 2040 937 2088 populi
956 2044 1090 2090 partes

255 2097 319 2134 vii.
337 2100 400 2136 20.

207 2159 388 2207 Regulae,
406 2160 770 2199 subordinationem
797 2165 995 2212 quandam
1019 2166 1089 2203 ha-

254 2220 352 2256 bent
367 2220 418 2257 iv.
436 2223 472 2258 3.

205 2281 429 2329 Respectus
446 2294 525 2319 non
545 2287 676 2322 mutat
690 2288 874 2324 naturam
887 2288 937 2326 vi.
955 2291 1018 2328 24.

205 2343 475 2381 Revelationis
492 2345 642 2393 lumen,
660 2348 756 2395 quid
773 2349 797 2387 i.
817 2351 879 2388 25.

205 2405 429 2443 Rhetorum
456 2407 639 2446 formulae
668 2409 709 2446 in
738 2412 959 2459 quaestione
992 2415 1089 2453 facti

254 2471 294 2504 et
305 2468 409 2516 juris
425 2469 451 2506 i.
470 2470 532 2508 27.

204 2529 323 2567 Ritus
356 2531 702 2579 ingeniculationis
731 2535 772 2571 in
806 2547 917 2573 saera
951 2540 1089 2587 synaxi

253 2593 488 2640 quibusdam
519 2595 731 2632 damnatus
754 2597 806 2634 iv.
834 2598 895 2636 16.
957 2602 1087 2639 turbae

252 2655 499 2692 aliorundam
517 2657 567 2694 de
590 2658 733 2695 ritibus
758 2660 1032 2701 ecclesiasticis
1049 2677 1084 2702 v.

251 2719 323 2762 323
348 2717 398 2754 iv.
421 2718 478 2755 17.

204 2780 380 2828 Rogatio
395 2781 529 2829 legum
548 2782 657 2830 apud
670 2782 873 2822 Romanos
891 2787 955 2826 vii.
974 2789 1040 2830 26.

204 2843 476 2890 Romanorum
495 2854 565 2881 xu
592 2845 757 2883 Tabulae
774 2847 852 2885 viii.
870 2851 909 2888 2.

636 2984 664 3022 S

204 3074 561 3112 SAanMEN'rAms
589 3074 734 3123 gratia,
763 3085 788 3111 a
810 3073 987 3111 sectariis
1009 3085 1083 3123 op-

251 3138 433 3183 pugnata
448 3136 499 3172 iv.
520 3137 582 3173 18.
822 3182 824 3184 v

203 3197 454 3233 SALOMoms
485 3207 575 3232 mos
603 3196 645 3232 in
678 3196 903 3233 Proverbiis
928 3195 994 3233 vii.
1023 3197 1082 3235 10.

251 3258 462 3294 mulierum
478 3258 686 3295 altercatio
704 3269 836 3294 coram
854 3269 901 3295 eo
913 3270 949 3294 v.
971 3260 1033 3296 21.

203 3319 328 3357 Salus
343 3320 488 3368 populi
504 3331 686 3367 suprema
703 3319 779 3366 lex,
802 3320 1003 3368 quomodo
1020 3320 1083 3356 in-

249 3384 514 3431 telligendum
549 3384 600 3420 sit
628 3383 681 3420 ix.
712 3383 773 3429 16,
803 3394 939 3431 seqq.;
978 3396 1017 3420 x.
1047 3384 1082 3422 5.

250 3446 370 3482 saluti
403 3445 499 3493 quid
531 3448 760 3494 opponatur
787 3457 826 3481 Χ.
847 3445 870 3482 7
874 3471 884 3482 .
927 3445 1084 3482 axioma

255 3519 279 3544 a
306 3508 498 3544 Romanis
526 3507 686 3545 devenit
711 3507 761 3544 ix.
781 3507 853 3553 173
880 3519 920 3545 x.
940 3508 1001 3552 15,
1020 3507 1082 3546 19.

250 3569 355 3606 salus
381 3570 521 3618 populi
547 3570 643 3618 quid
658 3569 838 3617 postulet
861 3582 900 3607 x.
921 3569 981 3607 17.
1032 3570 1082 3606 ad

250 3643 368 3679 quem
395 3634 553 3679 spectet
582 3631 722 3679 populi
748 3631 888 3668 salutis
913 3642 1008 3668 cura
1038 3644 1078 3669 x.

251 3695 271 3728 1
303 3719 313 3730 .

202 3692 393 3800 sujum,
411 3753 460 3790 de
476 3754 587 3802 regia
605 3756 805 3802 potestate
823 3754 886 3792 vii.
908 3754 943 3801 7,
962 3756 1022 3793 14.

372 3872 577 3947 [mn]

1958 265 2062 320 329

1183 396 1295 433 SAm.
1309 396 1335 433 i.
1355 395 1395 434 6.
1439 397 1589 434 factum
1616 396 1700 445 eJus
1717 408 1742 434 a
1767 397 1974 435 SAMUELE
2000 408 2064 435 re-

1229 457 1471 505 prehensum
1489 458 1527 495 ii.
1546 459 1606 496 13.

1180 518 1365 556 Scandali
1380 518 1457 565 lex,
1483 518 1570 555 aliis
1588 519 1771 556 omnibus
1788 520 2064 568 posthabenda

1229 580 1280 619 iv.
1299 580 1336 627 6,
1353 582 1390 618 7.
1442 581 1527 630 ejus
1554 580 1747 629 obligatio
1772 581 1879 618 unde
1896 594 1933 619 v.
1947 584 1992 628 23
2020 595 2059 620 Χ.

1227 645 1264 681 2.
1315 643 1367 680 ad
1385 643 1591 680 vitandum
1614 643 1844 680 scandalum
1864 643 1976 692 leges
1995 645 2063 693 jus

1227 717 1307 743 non
1337 706 1530 743 habentes
1559 706 1814 743 observandae
1840 718 1880 745 v.
1899 708 1960 744 20.
2013 718 2064 745 ne

1226 768 1348 807 simus
1386 769 1472 806 aliis
1508 768 1695 806 scandalo
1729 779 1868 807 cavere
1902 771 2065 818 oportet

1228 832 1278 869 iv.
1297 833 1334 869 8.

1179 893 1336 931 Scelere
1353 894 1549 932 tuendum
1567 896 1629 931 est
1647 894 1777 931 scelus
1793 906 1830 931 v.
1850 894 1912 932 18.

1178 956 1425 1001 Scholastici,
1452 967 1589 993 eorum
1615 956 1866 995 conscientiae
1884 956 2062 996 definitio

1226 1018 1256 1057 i.
1283 1018 1320 1057 6.
1378 1029 1516 1055 eorum
1550 1018 1591 1055 in
1622 1019 1860 1067 dogmaticis
1894 1019 2063 1068 Scriptis

1227 1082 1329 1119 vires
1351 1081 1497 1118 mentis
1526 1093 1606 1119 non
1632 1086 1818 1120 accurate
1844 1083 2061 1120 secundum

1227 1143 1500 1181 definitionem
1526 1147 1752 1182 tractantur
1776 1145 1802 1181 i.
1816 1146 1855 1183 7.
1907 1144 2060 1181 consci-

1228 1206 1376 1244 entiam
1409 1209 1543 1243 aetum
1587 1218 1672 1244 esse
1705 1209 1890 1243 statuunt
1915 1206 1967 1243 ib.
1998 1207 2059 1243 14.

1227 1280 1316 1316 quae
1347 1268 1427 1305 sint
1457 1269 1564 1317 apud
1594 1280 1661 1306 eos
1690 1268 1894 1306 meritoria
1920 1268 1971 1305 ib.
1998 1270 2061 1305 22.

1226 1330 1505 1379 interpretatio
1523 1342 1662 1367 eorum
1679 1330 1729 1368 iv.
1742 1332 1801 1368 12.
1822 1331 1930 1379 apud
1938 1330 2002 1368 vii.
2016 1332 2061 1377 43

1226 1392 1304 1429 viii.
1334 1394 1373 1430 2.
1434 1392 1579 1429 scholae
1613 1392 1828 1441 magistris,
1871 1392 1966 1441 quid
2009 1393 2062 1429 sit

1225 1455 1296 1492 sub
1328 1455 1489 1492 mortali
1514 1467 1549 1492 v.
1568 1456 1605 1494 5.
1657 1467 1794 1493 eorum
1830 1458 2061 1492 controver-

1227 1517 1285 1555 sia
1309 1517 1359 1555 de
1384 1517 1487 1566 legis
1512 1518 1699 1556 Mosaicae
1728 1517 1975 1567 obligatione
2006 1517 2057 1555 iv.

1225 1582 1289 1618 31.

1178 1643 1363 1690 Scientia,
1380 1643 1592 1692 tripliciter
1609 1643 1780 1680 sumitur
1796 1643 1821 1681 i.
1840 1645 1876 1689 8,
1893 1642 1931 1682 9.
1968 1654 2058 1680 cum

1226 1706 1277 1743 sit
1284 1706 1446 1755 proprie
1452 1706 1617 1753 μέθοδος
1627 1705 1878 1752 διανοητική,
1889 1709 2061 1755 quatuor

1226 1769 1353 1805 modis
1377 1769 1572 1817 accipitur
1584 1769 1609 1807 i.
1624 1771 1684 1806 11.
1738 1772 1887 1806 certam
1911 1769 1969 1805 rei
1984 1769 2060 1806 sci-

1226 1829 1375 1865 entiam
1405 1829 1494 1877 quis
1524 1829 1669 1866 habeat
1699 1829 1751 1866 iv.
1769 1830 1807 1866 4.
1858 1828 2058 1866 certitudo

1227 1891 1402 1928 scientiae
1419 1891 1460 1927 in
1479 1892 1586 1940 quod
1603 1891 1826 1928 resolvatur
1840 1891 1891 1928 ib.

1178 1954 1354 2000 scores,
1383 1954 1467 2002 ejus
1493 1955 1692 1991 sententia
1718 1955 1768 1991 de
1803 1953 2059 1991 Conscientia

1226 2017 1322 2064 quid
1339 2017 1391 2054 sit
1409 2016 1448 2053 in
1467 2028 1614 2065 genere
1632 2017 1657 2054 i.
1673 2017 1732 2056 16.

1177 2079 1382 2127 Scriptura
1399 2090 1511 2115 sacra
1536 2090 1616 2115 non
1643 2082 1704 2116 est
1721 2080 1931 2128 adaequata
1950 2079 2060 2118 Con-

1226 2141 1401 2179 scientiae
1418 2142 1559 2191 regula
1576 2142 1650 2179 nisi
1669 2143 1801 2191 quoad
1818 2146 2056 2191 supernatu-

1225 2205 1362 2242 raliter
1375 2205 1572 2241 credenda
1587 2205 1640 2241 iv.
1653 2207 1713 2251 14,
1725 2206 1783 2242 15.
1803 2206 1891 2253 quis
1904 2206 1957 2242 sit
1975 2205 2059 2254 ejus

1224 2268 1313 2304 finis
1339 2268 1525 2316 proprius
1551 2268 1601 2304 iv.
1623 2269 1683 2305 15.
1737 2268 1919 2304 doctrina
1944 2269 1993 2305 de
2015 2269 2055 2306 S.

1224 2329 1439 2377 Scripturae
1457 2329 1700 2377 perfectione
1726 2330 1827 2366 male
1854 2330 2060 2368 intellecta

1223 2392 1276 2429 iv.
1296 2392 1357 2429 17.
1409 2391 1551 2428 diversi
1569 2392 1727 2440 generis
1745 2396 1947 2440 praecepta
1963 2405 2058 2429 con.

1223 2455 1326 2491 tinet
1342 2454 1393 2490 iv.
1412 2454 1474 2493 16.
1519 2454 1560 2490 in
1586 2454 1824 2502 applicanda
1850 2455 2059 2504 Scriptura

1223 2517 1411 2564 proclivis
1430 2528 1541 2553 error
1558 2517 1609 2553 iv.
1628 2518 1694 2556 35.

1175 2579 1384 2616 Societatis
1401 2579 1585 2616 humanae
1603 2581 1709 2617 salus
1726 2583 1787 2617 est
1803 2580 1928 2617 civilis
1949 2581 2056 2629 regi-

1223 2641 1340 2678 minis
1370 2642 1459 2678 finis
1485 2654 1524 2680 v.
1554 2643 1616 2682 19.
1667 2644 1719 2681 ad
1744 2645 2054 2682 conservandam

1221 2714 1308 2740 eam
1327 2703 1406 2739 tria
1421 2703 1643 2740 necessaria
1659 2704 1708 2742 ib.
1772 2727 1774 2729 v

1172 2764 1358 2802 Somnus
1376 2764 1431 2802 iii.
1446 2765 1495 2804 29
1503 2778 1514 2813 3
1534 2765 1583 2802 iv.
1598 2766 1659 2804 18.
1687 2766 1916 2805 SocmrAm
1934 2768 2053 2806 fidem

1218 2828 1304 2864 sola
1319 2828 1474 2865 ratione
1487 2828 1710 2878 metiuntur
1726 2829 1778 2869 iv.
1794 2832 1858 2869 35.

1172 2889 1367 2939 Sophistae
1383 2890 1425 2928 ii.
1443 2891 1483 2928 5.

1171 2953 1354 2999 Spartam
1372 2964 1515 2990 ornare
1531 2952 1572 2992 ii.
1591 2954 1656 2990 22.

1171 3014 1401 3062 Spiritualia
1416 3026 1439 3051 e
1457 3014 1678 3051 Moralibus
1693 3014 1745 3052 iv.
1766 3015 1829 3053 15.

1171 3077 1428 3113 Sromomm
1447 3074 1673 3122 ἀδιαφορία
1692 3075 1789 3122 quid
1806 3076 1901 3113 velit
1918 3077 1971 3115 vi.
1988 3080 2051 3117 23.

1219 3141 1444 3175 commenta
1479 3148 1616 3174 eorum
1650 3137 1700 3174 de
1730 3139 1975 3187 προηγμένα
2010 3144 2052 3178 et

1217 3196 1551 3246 ἀποπροηγμένα
1568 3197 1621 3233 ib.

1171 3260 1362 3297 Subditus
1394 3259 1491 3307 quid
1525 3262 1711 3296 teneatur
1740 3263 1931 3308 praestare
1957 3275 1993 3299 v.
2012 3262 2050 3301 7.

1218 3321 1386 3358 subditis
1399 3321 1558 3369 quando
1569 3321 1629 3358 fas
1642 3321 1694 3358 sit
1704 3333 1728 3358 a
1744 3322 2051 3369 particularibus

1217 3384 1373 3432 legibus
1390 3384 1575 3421 recedere
1591 3396 1631 3421 x.
1650 3386 1716 3423 23.
1766 3385 1915 3422 subditi
1938 3386 2049 3425 debi-

1217 3449 1303 3482 tum
1322 3445 1471 3493 duplex
1486 3445 1541 3483 vi.
1557 3447 1594 3482 2.

1168 3506 1432 3554 Subjectionis
1446 3506 1660 3543 necessitas
1688 3506 1753 3544 διοὶ
1770 3506 1848 3552 τήν
1865 3509 2049 3554 συνειδη-

1217 3583 1283 3606 σιν
1309 3569 1415 3605 unde
1440 3569 1701 3606 concludatur
1720 3582 1758 3607 v.
1776 3571 1839 3608 30.
1893 3571 2048 3619 subjec-

1215 3630 1324 3667 tione
1341 3641 1421 3667 non
1439 3631 1621 3669 satisfieri
1638 3632 1779 3679 officio,
1797 3632 1872 3670 nisi
1886 3634 2049 3672 accedat

1216 3692 1445 3730 obedientia
1461 3693 1513 3731 vi.
1532 3695 1572 3732 3.

1167 3754 1370 3792 Successio
1387 3755 1625 3793 hereditaria
1643 3756 1706 3794 vii.
1727 3756 1788 3795 17.

1722 3840 1793 3891 22
