2482 4166
376 272 482 322 100
643 280 729 323 DE
771 278 1142 333 ADAEQUATA
1183 278 1647 325 CONSOIENTIAE'
1672 280 1949 325 REGULA.

380 419 547 463 entem
588 406 650 463 in
690 413 830 465 hunc
872 413 1164 470 mundum,·
1208 407 1352 479 cujus
1390 426 1505 479 ope,
1540 408 1636 462 nisi
1682 409 1826 464 vobis
1868 407 1992 481 ipsis
2036 410 2214 464 deesse

380 492 565 556 velitis,
595 493 831 565 poteritis

969 567 1185 621 dRectum
1204 577 1452 635 diynoscere
1472 592 1618 630 curvo,

380 680 435 727 et
452 673 624 745 iniquo
641 691 908 727 secernere
922 672 1135 743 justum.
1205 672 1301 724 Est
1321 678 1373 724 et
1392 670 1684 725 notissimus
1704 670 1859 735 locUS,
1883 675 2038 727 Rom.
2059 672 2108 727 ii.
2124 674 2211 736 14,

384 759 472 819 15,
509 758 641 812 Cum
665 767 843 826 yentes
866 774 983 825 quae
1012 756 1173 823 leyem
1207 753 1485 824 (Scriptam
1510 753 1721 823 scilicet)
1743 773 1848 808 non
1875 757 2086 819 habent,
2115 775 2215 808 na-

384 850 514 892 tura
542 859 605 894 ea
628 859 745 909 quoe
773 848 897 891 sunt
919 839 1049 907 Zeyis
1061 838 1307 906 faciunt,
1340 835 1392 904 (i.
1403 855 1446 888 e.
1472 843 1714 889 exercent
1741 843 1886 889 actus
1904 840 2214 906 prudentiae

369 923 620 991 justitioe‚
624 922 997 991 fortitudinis,
1017 920 1397 989 temperantiae,
1416 925 1468 972 et
1484 918 1800 988 reliquarum
1818 918 2104 988 virtutum,)
2120 920 2216 972 isti

383 1006 545 1073 leqem
579 1024 684 1057 non
712 1005 960 1056 habentes
988 1004 1095 1055 sibi
1123 1003 1261 1071 ipsis
1288 1012 1412 1054 sunt
1439 1003 1558 1054 Leoe
1576 1019 1594 1051 .·
1642 1003 1749 1062 Qui
1777 1003 2056 1054 ostendunt
2084 1020 2216 1071 opus

381 1088 544 1156 Legis
563 1088 844 1155 Scriptum
872 1087 933 1137 in
962 1086 1213 1138 cordibus
1237 1086 1368 1146 suis,
1394 1085 1752 1137 testimonium
1773 1102 1885 1136 una
1903 1085 2216 1153 perhibente

381 1171 707 1222 conscientia
735 1186 854 1230 sua,
885 1178 934 1221 et
955 1169 1182 1220 invicem
1210 1185 1264 1220 se
1286 1167 1701 1236 coyitationibus
1726 1168 2107 1219 accusantibus
2133 1167 2218 1219 vel

381 1253 547 1304 etiam
576 1252 991 1321 defendentibus.
1071 1251 1155 1301 Ex
1184 1248 1368 1319 quibus
1396 1248 1567 1301 verbis
1595 1247 1920 1301 manifestum
1955 1254 2034 1300 est
2080 1248 2216 1302 Con-

382 1336 664 1386 scientiam
701 1334 755 1385 in
796 1332 895 1385 illis
938 1331 1041 1385 suis
1083 1332 1280 1384 actibus
1316 1332 1716 1399 (Testificandi,
1749 1331 2079 1392 Accusandi,
2107 1333 2216 1384 De-

369 1417 676 1485 fendendi,)
707 1433 834 1485 quos
864 1421 1071 1467 exercet
1103 1413 1238 1467 circa
1273 1414 1383 1484 jam
1426 1414 1579 1475 facta,
1625 1413 1690 1465 de
1733 1412 1832 1465 illis
1875 1411 2107 1465 omnibus
2150 1431 2216 1465 ex

383 1497 630 1567 impresso
660 1496 820 1549 menti
855 1498 1112 1550 Rationis
1144 1498 1340 1548 lumine
1361 1496 1610 1565 judicare.
1690 1494 1845 1548 Unde
1871 1494 2214 1565 consequitur,

386 1597 500 1631 cum
529 1579 594 1631 sit
623 1579 687 1631 de
709 1581 1009 1648 praeteritis
1038 1584 1090 1630 et
1106 1580 1325 1647 futuris
1354 1578 1534 1630 eadem
1556 1577 1822 1647 judicandi
1848 1579 2055 1646 reyula,
2083 1578 2215 1629 Con-

386 1660 648 1714 scientiam
678 1668 730 1714 et
759 1660 812 1712 in
840 1660 937 1712 illis
967 1660 1070 1712 suis
1098 1660 1295 1712 actibus
1326 1659 1413 1728 qui
1454 1658 1588 1711 circa
1610 1661 1883 1728 facienda
1922 1665 2212 1722 versantur,

387 1744 807 1810 (Examinandi,
844 1743 1164 1804 Judicandi,
1195 1743 1482 1803 Dictandi,
1518 1743 1634 1810 etc.)
1668 1741 1847 1793 eodem
1875 1740 1960 1793 illo
1999 1743 2212 1805 lumine,

385 1833 446 1879 ut
467 1825 747 1878 eorundem
775 1831 980 1877 actuum
1019 1825 1210 1894 re9ula
1245 1831 1298 1877 et
1336 1842 1602 1886 mensura,
1643 1822 1737 1876 uti.
1824 1823 1961 1875 Illud
2000 1826 2212 1877 Psalm.

385 1907 455 1960 iv.
483 1909 535 1972 6,
566 1907 704 1977 quod
738 1925 771 1959 a
801 1905 1059 1977 plerisque
1093 1908 1421 1959 Latinorum
1457 1908 1699 1958 Patrum
1742 1905 2041 1975 posterioris
2082 1924 2216 1976 pree-

386 1988 564 2042 sertim
594 1988 705 2051 aevi,
738 1995 791 2041 et
819 2007 851 2040 a
881 1990 1238 2042 Scholasticis
1266 1988 1453 2059 passim
1483 1988 1701 2040 affertur
1739 1986 1793 2039 in
1835 1987 2211 2041 firmamentum

385 2070 537 2141 hujus
569 2069 932 2132 ConclusioniS‚
965 2072 1261 2139 Siynatum
1290 2081 1366 2124 est
1391 2089 1551 2139 super
1576 2088 1672 2123 nos
1703 2070 1878 2123 lumen
1904 2072 2084 2124 vultus
2115 2075 2212 2134 tui,

384 2155 632 2216 Domine,
676 2153 903 2224 prudens
946 2152 1141 2214 omitt0‚
1187 2171 1302 2205 cum
1344 2152 1539 2205 nitatur
1595 2151 1684 2203 illa
1726 2152 2002 2205 verborum
2054 2152 2215 2207 inter-

383 2236 609 2306 pretatio
659 2234 895 2289 versione
940 2253 1044 2287 non
1089 2235 1268 2305 proba,
1315 2253 1409 2288 nec
1466 2233 1703 2288 videatur
1754 2234 1823 2287 ad
1882 2241 2109 2289 mentem
2161 2242 2215 2290 et

385 2336 593 2388 scopum
623 2318 899 2388 Prophetae
922 2316 1137 2370 multum
1166 2317 1444 2387 pertinere.

511 2401 664 2454 XIII.
744 2400 1003 2453 Probatur
1045 2403 1287 2462 secund0‚
1333 2418 1399 2452 ex
1453 2399 1706 2452 communi
1755 2420 1898 2455 more
1950 2402 2212 2471 loquendi.

387 2482 620 2535 Solemus
662 2481 796 2535 enim
839 2482 1025 2544 dicere,
1070 2500 1186 2534 eum
1229 2481 1317 2551 qui
1360 2482 1636 2534 secundum
1674 2484 1848 2536 lumen
1881 2485 2072 2537 mentis
2108 2502 2216 2536 suae

386 2572 627 2634 operatus
654 2571 746 2625 est,
774 2566 911 2617 bona
938 2582 1086 2616 usum
1112 2566 1439 2617 conscientia
1460 2584 1479 2624 ,·
1523 2564 1620 2616 etsi
1662 2564 1894 2618 fortassis
1932 2565 1986 2618 id
2012 2568 2216 2635 fecerit

385 2646 469 2698 vel
497 2648 749 2707 omiserit,
782 2646 919 2714 quod
944 2663 1046 2697 non
1074 2644 1171 2697 fuit
1195 2646 1260 2697 ab
1290 2647 1682 2714 eofaciendum
1711 2647 1793 2699 vel
1826 2650 2174 2701 omittendum
2197 2667 2215 2699 .-

386 2745 504 2779 eum
546 2745 576 2779 e
619 2734 812 2788 contra,
849 2726 937 2796 qui
978 2728 1268 2779 dictamini
1306 2729 1497 2779 mentis
1534 2745 1640 2778 suae
1682 2746 1786 2780 non
1829 2730 2212 2791 auscultaverit,

386 2808 477 2862 sed
530 2815 710 2861 contra
764 2808 959 2870 fecerit,
1017 2809 1170 2860 mala
1217 2810 1543 2861 conscientia
1592 2827 1703 2860 rem
1753 2809 1935 2881 egisse.
2022 2811 2215 2864 Paulus

436 2987 455 3014 ‘¹
483 2988 643 3037 [Horat.
656 2989 785 3038 Epist.
799 2990 1015 3039 11.11.44];
1034 2992 1086 3028 τὸ
1108 2993 1258 3029 οἰκεῖον

387 3052 451 3089 καὶ
489 3051 666 3100 α’ψευόὲς
698 3051 922 3100 κριτήριον,
964 3054 1134 3102 Gregor.
1174 3054 1256 3091 Na-

1341 2992 1462 3029 zianz.
1484 2992 1619 3040 [Orat.
1638 3003 1728 3029 XVI.
1747 3003 1832 3040 cap.
1853 3004 1888 3029 v.
1913 2992 2019 3041 Opp.
2040 2992 2156 3031 Tom.
2178 2995 2216 3034 Ι.

1341 3067 1381 3103 Ρ.
1402 3057 1487 3093 302.
1509 3066 1553 3092 Β.
1572 3056 1681 3092 Edit.
1697 3053 1866 3103 Bened.]

386 3166 480 3222 ing,
508 3164 718 3222 judging,
743 3161 1004 3224 dictating,)
1025 3167 1088 3225 by
1104 3181 1264 3211 means
1285 3167 1340 3211 of
1354 3167 1456 3211 that
1477 3182 1604 3213 same
1626 3166 1783 3225 Light,
1803 3181 1853 3212 as
1875 3167 1955 3212 the
1976 3168 2099 3213 Rule
2120 3169 2215 3213 and

385 3237 603 3280 Measure
624 3237 678 3280 of
697 3237 811 3279 such
836 3242 949 3281 acts.

473 3308 631 3350 Psalm
652 3308 710 3351 iv.
733 3311 774 3359 6,
796 3307 866 3361 (in
881 3308 962 3352 the
977 3308 1194 3366 Vulgate,
1217 3309 1457 3366 Siynatum
1472 3318 1531 3354 est
1550 3325 1682 3367 super
1697 3325 1775 3354 nos
1798 3307 1944 3354 lumen
1965 3312 2111 3354 vultus
2132 3311 2214 3362 tui,

385 3377 611 3432 Domine‚)
631 3379 742 3423 does
757 3383 841 3422 not
859 3380 972 3423 bear
992 3394 1119 3437 upon
1140 3378 1231 3424 this
1252 3381 1444 3437 subJ'ect,
1460 3381 1595 3424 when
1610 3381 1783 3439 rightly
1799 3381 2070 3431 translated,
2094 3395 2144 3426 as
2164 3382 2214 3424 in

388 3462 473 3491 our
492 3451 688 3501 version,
712 3451 853 3502 Lord,
880 3452 956 3507 list
981 3453 1084 3494 thou
1104 3467 1166 3509 up
1194 3453 1259 3495 the
1285 3453 1393 3508 liyht
1418 3454 1477 3509 of
1487 3454 1562 3509 thy
1582 3460 1873 3496 countenance
1892 3467 2014 3508 upon
2033 3467 2099 3495 us.

477 3524 547 3563 13.
609 3521 760 3564 Proof
784 3521 980 3566 Second:
1013 3522 1124 3566 This
1159 3523 1197 3566 is
1228 3523 1420 3580 implied
1449 3524 1499 3565 in
1522 3523 1603 3566 the
1629 3536 1844 3566 common
1868 3536 2008 3578 usage
2034 3522 2089 3565 of
2112 3522 2213 3565 lan-

388 3603 551 3646 guage.
615 3591 768 3634 When
800 3606 891 3649 any
924 3607 1012 3636 one
1045 3598 1143 3637 acts
1169 3595 1417 3651 according
1442 3598 1491 3638 to
1523 3593 1605 3637 the
1631 3591 1773 3649 Light
1805 3592 1859 3635 of
1877 3591 1949 3635 his
1975 3592 2123 3644 Mind,
2144 3607 2212 3636 we

389 3672 469 3715 say
493 3662 755 3718 commonly
786 3662 888 3706 that
920 3663 980 3707 he
1013 3668 1110 3707 acts
1137 3665 1243 3707 with
1267 3680 1297 3707 a
1326 3666 1442 3721 qood
1475 3663 1755 3707 Conscience:
1796 3661 2021 3718 although
2045 3662 2105 3706 he
2132 3663 2213 3706 did

390 3727 513 3792 what
539 3729 599 3772 he
630 3732 775 3787 ought
799 3738 883 3775 not
915 3738 965 3777 to
985 3734 1108 3778 have
1143 3736 1278 3787 done,
1309 3749 1362 3778 or
1393 3734 1479 3778 left
1509 3734 1696 3777 undone
1727 3732 1851 3775 what
1884 3731 1945 3775 he
1979 3733 2125 3790 ought
2161 3738 2211 3777 to

389 3795 507 3841 have
540 3799 675 3844 done.
745 3802 851 3845 And
886 3816 947 3847 on
977 3804 1059 3848 the
1100 3805 1234 3849 other
1270 3805 1411 3857 hand,
1442 3805 1484 3848 if
1509 3819 1537 3848 a
1566 3817 1736 3862 person
1767 3803 1877 3848 does
1908 3808 1991 3848 not
2022 3804 2213 3848 accord·
