2482 4166
373 287 479 338 2241
558 294 645 339 DE
685 295 913 340 LEGUM
952 293 1375 341 HUMANARUM
1416 294 1622 341 CAUSA
1660 295 2055 341 EFFIOIENTE.

373 422 644 494 imperium
670 442 764 495 per
774 426 1017 495 fraudes
1041 425 1284 479 affectant
1306 425 1457 489 viam,
1486 425 1778 479 nincautum
1803 431 1856 478 et
1881 424 1996 477 leve
2018 422 2205 495 vulgus

374 505 662 569 sollicitant,
696 507 974 570 inflectunt,
1007 525 1110 577 qua
1144 508 1270 561 libet
1297 507 1583 579 impellunt,
1616 505 1972 584 ἐκχαυνῶντες
2009 502 2203 579 λόγοις

376 585 514 664 πρὸς
543 583 725 665 κέρδος
761 583 907 646 ἴδιον.
977 591 1049 643 Et
1078 589 1284 660 quidem

975 687 1191 747 operraro
1212 691 1303 734 hoec
1324 691 1423 733 alea
1434 691 1586 747 fallit.

375 777 464 830 Fit
491 776 625 830 enim
658 777 944 848 plerunque
978 782 1036 829 ut
1062 777 1260 847 populi
1280 778 1483 844 favore
1510 775 1718 837 suffulti,
1748 775 2076 846 ipsorumque
2105 793 2202 847 ope

375 865 429 912 et
463 878 627 930 opera
651 858 829 928 adjuti,
873 858 942 910 ad
971 876 1222 910 summum
1249 856 1376 909 illud
1413 859 1629 910 honoris
1657 864 1711 910 et
1738 860 1958 926 imperii
1985 857 2200 921 culmen,

374 959 475 1011 quo
497 941 699 1011 jamdiu
727 939 1003 993 anhelabat
1032 957 1209 991 eorum
1238 940 1478 1000 ambitio,
1510 938 1718 992 tandem
1746 939 2105 992 conscendant.

498 1023 649 1075 XIX.
728 1023 926 1075 Verum
955 1020 1213 1073 enimvero
1246 1019 1347 1073 ista
1375 1020 1544 1073 omnia
1576 1038 1729 1090 quam
1766 1038 1950 1091 parum
1977 1021 2204 1075 habeant

372 1103 617 1156 momenti
645 1102 714 1155 ad
735 1102 1054 1173 probandam
1076 1101 1357 1173 legitimam
1372 1105 1569 1173 populi
1596 1103 1651 1155 in
1678 1102 1985 1156 conferendo
2005 1122 2202 1156 summo

371 1185 586 1255 imperio
626 1194 961 1255 potestatem,
1013 1183 1161 1237 facile
1216 1184 1520 1254 pervidebit,
1577 1184 1804 1255 quisquis
1856 1184 2199 1256 cogitaverit3

372 1265 631 1337 Imprimis
661 1285 695 1317 a
709 1269 872 1335 facto
901 1268 978 1318 ad
993 1267 1090 1335 jus
1115 1266 1282 1319 debile
1311 1285 1513 1338 semper
1541 1266 1775 1320 habitum
1803 1285 1914 1319 esse
1948 1267 2202 1339 arguendi
2228 1273 2251 1315 1

371 1367 549 1421 genus,
641 1348 862 1411 Deinde,
893 1366 1008 1418 quae
1037 1367 1069 1401 a
1097 1349 1285 1419 populo
1311 1349 1447 1409 hunc
1475 1349 1530 1401 in
1558 1349 1765 1402 modum
1802 1348 1941 1403 facta
1967 1349 2199 1421 legimuS,
2224 1355 2253 1396 2

373 1450 477 1484 11011
501 1429 656 1484 fuisse
677 1432 892 1499 judicio
921 1431 1074 1495 facta,
1107 1431 1389 1501 sedatoque
1421 1438 1474 1485 et
1506 1450 1704 1493 seren0,
1744 1431 1837 1484 sed
1865 1431 2117 1485 concitato
2150 1439 2204 1485 et

371 1514 678 1584 perturbato
707 1513 973 1566 affectibus
1000 1513 1183 1567 animO.
1257 1513 1566 1577 Quinetiam,
1597 1513 1685 1566 ubi
1709 1513 1961 1567 resederit
1996 1513 2204 1583 paulum
2228 1520 2257 1561 3

372 1596 460 1649 illa
488 1598 793 1649 animorum
829 1606 1123 1665 tempesta&
1159 1602 1211 1648 et
1243 1604 1359 1649 astu
1396 1596 1666 1666 deceptum
1702 1613 1758 1649 56
1795 1613 1855 1648 ac
1891 1595 2204 1649 ludificatum

343 1716 346 1719 ,
372 1678 590 1749 populus
618 1677 843 1740 tandem,
875 1678 967 1730 sed
995 1695 1110 1729 sero
1140 1677 1304 1740 11111115,
1331 1677 1755 1748 deprehenderit3
1786 1677 1909 1731 facti
1936 1678 2015 1731 sui
2043 1685 2206 1731 semet

371 1760 638 1831 poenitere,
670 1759 866 1830 pudere
902 1758 1072 1810 nimiae
1109 1759 1453 1822 credulitatis3
1486 1759 1829 1813 temeritatem
1858 1777 2002 1812 suam
2032 1767 2084 1812 et
2111 1760 2205 1811 im-

370 1840 699 1912 prudentiam
743 1842 1005 1903 damnare,
1049 1840 1137 1910 qui
1183 1841 1340 1894 avida
1387 1841 1758 1912 amplificandae
1807 1843 2074 1894 libertatis
2113 1861 2204 1911 spe

370 1923 581 1986 inducti,
623 1941 716 1976 sua
750 1941 805 1976 se
845 1940 1004 1993 opera
1041 1921 1095 1973 in
1131 1925 1438 1977 servitutem
1482 1925 1780 1992 tyrannicae
1818 1925 2204 1977 dominationis

370 2005 508 2059 ultro
538 2004 865 2058 tradiderint.
929 2003 1141 2074 Spirant
1170 2005 1280 2057 haec
1310 2004 1480 2057 omnia
1508 2024 1704 2057 meram
1732 2007 2118 2073 impotentiam,
2150 2012 2204 2058 et

370 2087 657 2140 animorum
686 2088 1058 2154 infirmitatem
1078 2106 1095 2138 .·
1138 2085 1213 2138 ita
1242 2093 1301 2139 ut
1330 2085 1489 2139 mirus
1517 2086 1708 2140 artifex
1736 2085 1802 2138 sit
1831 2094 2082 2156 oporteat,
2114 2087 2203 2157 qui

371 2187 426 2222 se
454 2169 572 2222 hinc
601 2168 809 2238 aliquod
841 2167 998 2220 sobrii
1023 2168 1175 2236 juris
1202 2175 1293 2222 aut
1329 2167 1573 2240 legitimae
1603 2170 1892 2238 potestatis
1926 2187 2200 2241 argumen-

369 2258 480 2304 tum
509 2251 692 2305 elicere
720 2268 869 2322 posse
898 2249 1134 2303 confidat.

475 2335 597 2388 XX.
658 2333 881 2403 Reliqua
903 2339 982 2386 est
1005 2331 1165 2404 igitur
1187 2331 1338 2386 unica
1359 2332 1613 2387 duntaxat
1638 2334 1970 2404 Reipublicae
1991 2333 2200 2404 specieS,

369 2415 423 2468 in
452 2434 555 2487 qua
582 2417 875 2487 popularis
903 2414 956 2467 in
986 2414 1340 2468 constituendo
1369 2416 1600 2487 principe
1631 2417 1790 2468 Jurz's
1818 2415 1992 2485 aliqua
2019 2415 2201 2469 saltem

419 2607 438 2626 ¹¹
464 2599 585 2636 Nihil
606 2602 663 2635 est
675 2597 862 2647 facilius,
880 2610 998 2646 quam
1022 2599 1064 2634 in
1086 2599 1247 2646 quemli-
1326 2599 1413 2638 ἑνὸς
1430 2601 1536 2649 πρὸς
1553 2600 1695 2649 ἀνδρὸς
1712 2602 1783 2638 οὐκ
1798 2601 1916 2650 ὄχλῳ
1935 2602 2200 2650 »epau-tuerat·

370 2662 430 2698 bet
458 2662 654 2708 adfectum
684 2672 833 2697 movere
860 2661 1246 2708 populum—Quin·
1325 2662 1404 2698 οὐδ’
1419 2662 1535 2699 ἐστὶν
1554 2661 1684 2706 αὐτήν
1702 2662 1821 2700 ὅστις
1834 2663 2043 2711 ἐκχαυνῶν
2054 2663 2200 2711 λόγοις

369 2721 499 2757 tilian.
531 2721 711 2758 Declam.
747 2722 807 2765 11,
850 2721 955 2757 Sect.
992 2721 1040 2766 73
1103 2720 1244 2768 Eurip.
1324 2723 1685 2770 πρὸςκέρδοςῖδιον
1694 2723 1993 2762 ἄλλοςάλλόσε
2003 2725 2216 2778 στρέφει]

369 2783 538 2820 Ἰκετίδ.
559 2782 612 2831 [v.
632 2784 720 2825 410,
736 2794 818 2830 seq.
1373 2790 1391 2809 0
1418 2783 1485 2832 [ex
1503 2784 1648 2821 Horat.
1666 2784 1756 2822 Lib.
1775 2795 1824 2822 11.
1844 2786 1961 2823 Satir.
1982 2798 2035 2832 v.,
2052 2799 2088 2824 v.
2105 2786 2186 2834 50.]

416 2845 543 2883 πόλις
562 2845 662 2894 γάρ,
680 2844 726 2890 ἧς
743 2844 827 2893 ἐγώ
844 2844 1013 2894 πάρειμ’
1030 2845 1130 2894 ἄπο,

464 2948 533 2990 19.
596 2944 704 3004 But
735 2943 827 2988 this
860 2944 970 2988 does
1005 2944 1128 2988 little
1163 2949 1212 2989 to
1250 2957 1393 3002 prove
1428 2945 1510 2989 the
1554 2945 1810 3003 legitimate
1846 2959 2002 3004 power
2034 2947 2089 2991 of
2116 2947 2198 2991 the

367 3015 545 3073 People
575 3019 625 3059 to
657 3016 818 3059 confer
847 3015 929 3060 the
967 3016 1195 3073 Supreme
1230 3015 1495 3074 Authority.
1572 3017 1680 3067 For,

461 3084 523 3130 1⁰.
564 3087 651 3130 We
677 3091 848 3130 cannot
872 3100 1015 3144 argue
1040 3087 1164 3130 from
1188 3086 1269 3131 the
1293 3087 1392 3141 fact
1415 3091 1465 3131 to
1490 3086 1572 3131 the
1596 3087 1737 3144 right.

457 3155 521 3202 2⁰.
561 3157 704 3201 What
729 3171 820 3201 was
854 3157 975 3201 done
1002 3158 1051 3200 in
1083 3158 1175 3202 this
1202 3172 1302 3215 way
1330 3157 1393 3215 by
1419 3158 1500 3201 the
1528 3159 1704 3216 People
1725 3172 1816 3202 was
1849 3163 1934 3203 not
1965 3159 2086 3203 done
2114 3159 2197 3203 ad·-

364 3228 555 3286 visedly,
575 3229 661 3272 but
682 3228 793 3272 with
814 3243 842 3272 a
862 3229 992 3272 mind
1012 3229 1220 3286 agitated
1239 3229 1333 3272 and
1358 3228 1612 3273 disturbed.

458 3298 520 3343 3⁰.
561 3299 715 3344 When
735 3299 816 3344 the
841 3300 1053 3357 People’s
1075 3300 1206 3343 mind
1234 3314 1326 3344 was
1352 3300 1532 3344 calmed
1552 3300 1646 3344 and
1666 3300 1864 3352 cleared,
1889 3300 2002 3359 they
2021 3305 2196 3358 regret-

364 3370 446 3413 ted
470 3370 593 3414 what
617 3371 730 3429 they
753 3370 848 3414 had
873 3371 1009 3416 done.

453 3441 615 3486 Hence
636 3456 703 3486 we
729 3447 900 3486 cannot
921 3446 1003 3486 out
1024 3442 1078 3486 of
1094 3442 1208 3487 such
1228 3442 1463 3486 materials
1485 3446 1722 3486 construet
1741 3456 1769 3485 a
1788 3441 1929 3499 right.

454 3517 525 3556 20.
594 3514 764 3562 Τήἱνοῐς
812 3513 966 3557 There
1009 3527 1089 3557 are
1121 3513 1331 3557 Elective
1365 3514 1718 3558 Governments.
1796 3513 1853 3555 In
1893 3512 2026 3557 these
2061 3512 2195 3557 there

365 3595 560 3640 appears
585 3597 712 3627 some
737 3583 864 3628 show
889 3585 943 3628 of
963 3598 991 3627 a
1015 3584 1154 3642 right,
1180 3584 1461 3641 proceeding
1480 3584 1603 3628 from
1627 3584 1708 3627 the
1729 3583 1920 3640 People.
2206 3583 2208 3586 ’

455 3654 510 3696 Ι11
530 3654 663 3698 these
689 3668 830 3707 cases,
850 3669 918 3699 we
949 3655 1009 3699 do
1036 3660 1119 3699 not
1150 3655 1274 3712 deny
1297 3655 1402 3698 that
1428 3655 1509 3698 the
1534 3655 1711 3711 People
1736 3653 1820 3697 has
1850 3654 1909 3698 its
1936 3653 2195 3711 legitimate

365 3727 500 3779 part3
536 3724 622 3767 but
653 3725 756 3769 that
786 3730 892 3782 part
923 3727 962 3769 is
990 3731 1074 3770 not
1104 3731 1153 3770 to
1189 3727 1416 3783 originate
1445 3725 1527 3770 the
1551 3726 1729 3776 Power,
1760 3725 1846 3768 but
1875 3729 1924 3768 to
1955 3725 2194 3781 designate

366 3792 447 3835 the
479 3794 670 3838 Person.
744 3795 851 3839 And
887 3796 1018 3841 these
1053 3811 1132 3841 are
1169 3797 1340 3855 mostly
1379 3797 1530 3842 offices
1565 3796 1619 3840 of
1649 3795 1867 3840 different
1902 3794 2188 3839 authorities.
