2482 4166
881 248 1263 293 PRAELECTIO
1306 249 1555 295 TERTIA.
1590 246 1600 251 ”
2069 246 2137 295 83

302 380 457 447 sunt,)
493 394 587 430 nec
624 381 732 430 tam
768 382 1065 431 constanter
1102 376 1169 431 ab
1209 376 1476 448 Apostolis
1509 375 1700 448 ubique
1739 377 2134 435 inculcarentur.

302 461 522 522 Sumite,
558 462 779 528 fratres
827 461 946 523 mei,
995 479 1101 530 pro
1146 462 1444 530 exemplari
1486 462 1778 530 patientioe
1822 464 2135 530 prophetas.

300 543 608 596 Audivistis
653 544 989 613 patientiam
1042 544 1185 596 Jobi.
1269 545 1437 596 Elias
1494 544 1974 597 oravit—Omnia
2028 546 2139 597 haec

299 627 422 677 Jac.
454 643 501 677 v.
536 626 622 687 10,
656 626 743 687 11,
776 625 881 687 17;
925 627 1238 679 Imitatores
1264 628 1370 679 mei
1398 636 1572 689 estote,
1611 629 1753 679 sicut
1786 645 1877 696 eqo
1915 628 2136 690 Christi,

303 709 333 759 1
369 708 485 759 Gor.
517 705 586 757 xi.
623 708 689 770 13
743 710 875 772 Qua?
912 710 1221 773 audivistis,
1263 719 1313 761 et
1341 710 1560 761 vidistis
1594 711 1654 761 in
1683 727 1779 772 me,
1824 711 1937 761 hoec
1974 711 2136 778 ayite,

300 790 454 842 Phil.
486 788 555 841 iv.
585 791 652 851 93
689 792 805 843 Eos
835 793 1182 853 considerate,
1215 793 1311 860 qui
1339 793 1418 843 sic
1448 793 1733 843 ambulant
1761 794 1902 845 sicut
1931 794 2140 845 habetis

301 891 396 925 nos
425 890 530 940 pro
568 873 879 941 exemplari,
910 874 1054 925 Phil.
1083 871 1151 923 iii.
1192 872 1298 935 17;
1345 878 1397 925 et
1440 872 1623 925 similia
1661 873 1884 944 passim:
1929 873 2001 927 At
2036 893 2139 927 non

301 960 380 1006 est
415 953 459 1005 is
495 970 616 1005 usus
657 960 749 1006 aut
784 953 899 1005 finis
938 955 1344 1024 Eoeemplorum,
1389 961 1449 1008 ut
1487 955 1591 1008 sint
1633 955 1778 1008 nobis
1818 974 1915 1027 pro
1949 954 2140 1027 reyula

300 1037 550 1088 vivendi:
582 1035 673 1088 sed
701 1043 760 1088 ut
785 1035 887 1089 sint
915 1036 1141 1089 subsidia
1170 1038 1406 1107 quaedam
1438 1044 1490 1090 et
1523 1040 1882 1102 adminicula,
1914 1048 1966 1093 et
1995 1041 2141 1110 quasi

301 1119 511 1172 stimuli
543 1117 611 1170 ad
640 1118 963 1171 excitandam
998 1118 1261 1191 ignaviam
1289 1126 1519 1173 nostram
1557 1128 1610 1174 et
1639 1129 1902 1192 torporem
1947 1122 2141 1175 excuti-

303 1200 507 1262 endum,
552 1218 667 1252 cum
705 1201 970 1273 segniores
1004 1220 1178 1254 sumus
1210 1209 1263 1256 et
1305 1203 1560 1256 tardiores
1596 1203 1650 1256 in
1688 1204 1846 1257 officio
1886 1205 2136 1269 faciendO,

304 1301 458 1353 quam
484 1301 580 1353 par
619 1290 713 1336 est.
785 1284 928 1337 Solet
958 1284 1092 1337 enim
1125 1285 1382 1356 fragilitas
1410 1286 1651 1349 humana,
1693 1286 1893 1357 objecta
1922 1306 2140 1359 praeser-

304 1365 396 1417 tim
422 1365 574 1437 gravi
595 1366 895 1429 tentatione,
919 1368 1194 1420 accedente
1215 1367 1370 1420 etiam
1393 1369 1600 1421 Satanae
1623 1376 1676 1422 et
1697 1371 1875 1423 mundi
1901 1370 2139 1441 impulsu,

304 1447 370 1500 de
398 1450 679 1501 severitate
709 1450 840 1518 leqis
867 1449 968 1502 Dei
994 1456 1048 1502 et
1080 1452 1360 1503 obediendi
1387 1452 1700 1520 difficultate
1728 1452 1891 1505 multa
1919 1454 2058 1522 apud
2088 1471 2143 1505 se

304 1529 741 1593 submurmurare,
772 1530 874 1583 imo
904 1538 958 1584 et
981 1538 1163 1601 aperte
1192 1532 1502 1601 quandoque
1529 1533 1803 1602 conqueri:
1847 1533 1902 1586 in
1927 1534 2011 1587 via
2040 1553 2143 1605 qua

304 1611 528 1663 eundum
555 1618 633 1664 est
654 1612 882 1683 grassari
907 1615 1074 1667 leones
1081 1634 1101 1675 ;
1127 1613 1354 1683 undique
1384 1614 1514 1667 strui
1534 1616 1753 1685 pedibus
1775 1615 1878 1669 suis
1910 1619 2140 1687 laqueos,

304 1695 556 1755 insidias,
587 1697 885 1756 scandala,·
913 1696 1249 1766 perferendas
1269 1698 1523 1765 injurias,
1548 1701 1913 1762 contumelias,
1941 1702 2145 1753 calum-

304 1778 447 1841 nias,
495 1777 747 1829 bonorum
796 1780 1058 1848 rapinam
1073 1799 1092 1840 ;
1148 1797 1293 1831 caros
1327 1791 1600 1849 parentes,
1650 1782 1848 1834 cariora
1884 1786 2143 1852 piynora,

305 1877 538 1921 uxorem,
581 1861 797 1923 amicos,
829 1863 1200 1930 possessiones,
1237 1864 1508 1930 patriam,
1554 1865 1724 1916 vitam
1766 1867 1946 1933 ipsam
1985 1868 2146 1918 relin-

306 1942 534 2011 quenda,
565 1940 666 1994 imo
696 1948 749 1994 et
778 1945 900 1996 odio
929 1945 1193 1997 habenda.
1270 1945 1439 2007 Quam
1472 1945 1589 1997 duri
1617 1954 1737 1998 sunt
1766 1947 1821 1998 hi
1851 1947 2143 2001 sermones!

306 2041 461 2092 quam
489 2041 593 2075 non
621 2024 890 2078 ferendum
914 2025 1134 2097 jugum!
1219 2025 1439 2088 Quoties
1468 2027 1689 2079 subeunt
1714 2035 1912 2081 mentes
1941 2037 2145 2083 nostras

306 2105 593 2159 istiusmodi
629 2110 991 2175 coyitationes,
1031 2108 1105 2160 ita
1142 2114 1201 2161 ut
1232 2107 1342 2178 jam
1384 2127 1515 2179 pene
1553 2110 1994 2180 Xdespondeamus
2037 2113 2146 2165 ani-

309 2206 464 2250 mum,
497 2195 550 2240 et
579 2207 781 2241 omnem
810 2190 957 2242 officii
987 2208 1162 2242 curam
1192 2190 1334 2243 velut
1362 2191 1438 2243 rei
1467 2191 1791 2262 impossibilis
1821 2201 1874 2247 et
1908 2195 1960 2247 in
1990 2214 2146 2265 quam

309 2269 474 2322 inanis
503 2269 569 2323 sit
597 2271 761 2323 omnis
791 2290 950 2342 opera
978 2279 1156 2325 nostra
1185 2279 1238 2326 et
1266 2272 1400 2326 irriti
1436 2282 1661 2338 conatuS,
1693 2282 1893 2329 tantum
1924 2296 2026 2330 non
2053 2280 2148 2331 ab-

304 2352 465 2422 jicere
491 2352 813 2424 incipiamus:
843 2357 1152 2408 eoecitantur
1172 2355 1546 2426 aliquantulum
1574 2357 1882 2431 languentes
1907 2361 2146 2431 SpirituS,

313 2442 366 2488 et
391 2434 460 2487 ad
481 2437 877 2489 contemnendas
898 2456 1072 2490 omnes
1095 2440 1450 2508 difficultates,
1475 2441 1793 2510 superandas
1815 2446 2147 2506 tentationes,

312 2517 647 2587 perferendas
675 2521 1038 2582 contumelias,
1069 2520 1316 2590 paulatim
1348 2521 1566 2593 erigitur
1594 2524 1796 2577 animus
1824 2529 2153 2596 yopportuna

313 2602 703 2670 Eoeemplorum
751 2602 1073 2655 auctoritate.
1168 2603 1298 2655 Cum
1342 2604 1475 2656 serio
1515 2605 1799 2678 cogitamus
1841 2609 1995 2671 virOS,
2041 2609 2154 2680 pios

313 2681 521 2752 quidem
553 2689 606 2736 et
644 2685 875 2747 SanctOS,
917 2685 1008 2737 sed
1045 2681 1392 2748 ὁμοιοπαθεῖς
1436 2684 1578 2752 ἡμῖν,
1619 2688 1799 2742 iisdem
1829 2691 2015 2761 quibus
2058 2711 2151 2744 nos

303 2767 823 2835 perturbationibus,
848 2770 1259 2838 cupiditatibus,
1290 2773 1674 2825 tentationibus
1695 2773 1956 2837 obnoxiOS,
1982 2775 2153 2847 gratia

314 2846 417 2899 Dei
455 2848 592 2918 (quae
621 2868 715 2902 nec
756 2849 902 2903 nobis
928 2850 1170 2903 defutura
1199 2858 1293 2916 est,
1339 2852 1382 2905 si
1411 2853 1477 2905 ab
1507 2871 1567 2906 eo
1597 2854 1694 2907 toti
1723 2857 2054 2925 pendeamuS,
2101 2865 2154 2911 et

315 2936 527 2982 conatus
556 2930 706 2984 simul
744 2939 949 2986 nostros
978 2932 1199 2986 fideliter
1228 2933 1592 3006 adjungamus)
1632 2937 1854 3008 adjutos,
1892 2957 1954 2991 ea
1985 2939 2153 2992 omnia

315 3017 369 3064 et
387 3014 676 3082 perfecisse
705 3025 753 3068 et
768 3016 1072 3085 pertulisse,
1104 3034 1219 3086 quae
1239 3016 1385 3069 nobis
1413 3025 1505 3070 aut
1515 3021 1791 3087 facienda
1811 3028 1903 3073 aut
1915 3024 2156 3089 ferenda

314 3094 430 3146 Deo
456 3095 528 3146 sic
554 3095 883 3165 dispensante
911 3096 1240 3152 incumbunt:
1284 3099 1458 3151 redire
1494 3119 1614 3152 mox
1643 3101 1815 3165 animi,
1848 3102 2156 3156 incalescere

316 3174 404 3244 pia
453 3176 777 3230 aemulatione
824 3185 1051 3249 pectora,
1096 3186 1149 3232 et
1192 3183 1363 3233 zinter
1406 3184 1777 3236 meditandum
1816 3187 2158 3239 exardescere

318 3257 479 3324 iynis,
539 3256 661 3308 dum
707 3267 982 3329 erumpant
1027 3261 1239 3313 tandem
1290 3280 1319 3314 e
1360 3262 1681 3332 plenitudine
1724 3266 1891 3318 cordis
1941 3267 2024 3319 hae
2066 3275 2159 3320 aut

318 3337 603 3408 persimiles
632 3357 796 3402 voceS,
832 3343 928 3392 En
956 3359 1037 3393 me
1056 3354 1342 3410 paratum,
1374 3346 1621 3408 Domine,
1654 3349 1800 3400 obire
1830 3350 1972 3417 quod
1984 3350 2157 3417 jubes,

320 3421 500 3473 subire
522 3423 664 3491 quod
685 3423 933 3491 imponis.
982 3424 1199 3477 ³Nubes
1226 3424 1314 3477 illa
1344 3427 1570 3489 testium,
1604 3445 1719 3497 quae
1741 3447 1834 3482 nos
1857 3448 2160 3502 quacunque

369 3604 390 3622 ¹
419 3595 606 3645 Turpiter
628 3596 872 3646 desperatur,
902 3600 1201 3649 quicquid-fieri
1280 3612 1355 3638 ora
1385 3601 1489 3638 alios
1522 3601 1697 3638 obeuntes
1729 3613 2004 3640 recenseamus.
2059 3603 2161 3641 Ter-

320 3660 460 3704 potest.
513 3658 682 3703 Quintil.
714 3661 848 3698 Instit.
885 3662 1045 3699 Orator.
1080 3663 1108 3700 i.
1137 3665 1199 3701 10.
1279 3663 1435 3699 tullian.
1455 3664 1506 3699 ad
1525 3664 1645 3701 Uxor.
1667 3664 1758 3702 Lib.
1776 3675 1807 3703 1.
1826 3676 1911 3713 cap.
1933 3664 1970 3703 6.

326 3717 403 3766 [8].
1330 3732 1346 3750 2
1372 3726 1668 3764 Psalm.xxxix.
1689 3728 1724 3763 4.

374 3786 391 3815 Υ
422 3781 521 3819 Cum
544 3784 643 3831 quid
658 3784 821 3835 difficile
838 3786 1000 3832 videtur,
1024 3786 1201 3836 difficili-
1331 3795 1348 3815 ³
1376 3788 1499 3824 Hebr.
1519 3787 1583 3825 xii.
1603 3790 1623 3824 1
1645 3791 1721 3825 etc.

1844 3844 1991 3895 6-2
