<?xml version="1.0" encoding="UTF-8"?>
<!DOCTYPE html PUBLIC "-//W3C//DTD XHTML 1.0 Transitional//EN"
    "http://www.w3.org/TR/xhtml1/DTD/xhtml1-transitional.dtd">
<html xmlns="http://www.w3.org/1999/xhtml" xml:lang="en" lang="en">
 <head>
  <title>
</title>
<meta http-equiv="Content-Type" content="text/html;charset=utf-8" />
  <meta name='ocr-system' content='tesseract 3.04.00' />
  <meta name='ocr-capabilities' content='ocr_page ocr_carea ocr_par ocr_line ocrx_word'/>
</head>
<body>
  <div class='ocr_page' id='page_1' title='image "./deobligationecon00sanduoft_0098.png"; bbox 0 0 2482 4166; ppageno 0'>
   <div class='ocr_carea' id='block_1_1' title="bbox 415 263 1709 318">
    <p class='ocr_par' dir='ltr' id='par_1_1' title="bbox 415 263 1709 318">
     <span class='ocr_line' id='line_1_1' title="bbox 415 263 1709 318; baseline -0.002 -1"><span class='ocrx_word' id='word_1_1' title='bbox 415 263 485 318; x_wconf 69' lang='lat'>74</span> <span class='ocrx_word' id='word_1_2' title='bbox 947 272 1032 314; x_wconf 85' lang='lat' dir='ltr'>DE</span> <span class='ocrx_word' id='word_1_3' title='bbox 1074 271 1328 315; x_wconf 84' lang='lat' dir='ltr'>PIORUM</span> <span class='ocrx_word' id='word_1_4' title='bbox 1367 271 1709 316; x_wconf 77' lang='lat' dir='ltr'>EXEMPLIS.</span> 
     </span>
    </p>
   </div>
   <div class='ocr_carea' id='block_1_2' title="bbox 416 398 2259 2929">
    <p class='ocr_par' dir='ltr' id='par_1_2' title="bbox 416 398 2258 2192">
     <span class='ocr_line' id='line_1_2' title="bbox 417 398 2247 471; baseline 0 -19"><span class='ocrx_word' id='word_1_5' title='bbox 417 398 668 470; x_wconf 78' lang='lat' dir='ltr'>exempla,</span> <span class='ocrx_word' id='word_1_6' title='bbox 699 398 864 471; x_wconf 87' lang='lat' dir='ltr'>magis</span> <span class='ocrx_word' id='word_1_7' title='bbox 893 416 1047 470; x_wconf 86' lang='lat' dir='ltr'>quam</span> <span class='ocrx_word' id='word_1_8' title='bbox 1079 401 1233 453; x_wconf 82' lang='lat' dir='ltr'>bilem</span> <span class='ocrx_word' id='word_1_9' title='bbox 1254 421 1272 452; x_wconf 92' lang='lat'>.·</span> <span class='ocrx_word' id='word_1_10' title='bbox 1313 399 1357 452; x_wconf 91' lang='lat' dir='ltr'>si</span> <span class='ocrx_word' id='word_1_11' title='bbox 1378 399 1431 451; x_wconf 90' lang='lat' dir='ltr'>in</span> <span class='ocrx_word' id='word_1_12' title='bbox 1464 419 1698 454; x_wconf 78' lang='lat' dir='ltr'>sermone</span> <span class='ocrx_word' id='word_1_13' title='bbox 1715 405 1915 453; x_wconf 86' lang='lat' dir='ltr'>tantum</span> <span class='ocrx_word' id='word_1_14' title='bbox 1952 406 2004 454; x_wconf 90' lang='lat' dir='ltr'>et</span> <span class='ocrx_word' id='word_1_15' title='bbox 2034 407 2247 453; x_wconf 88' lang='lat' dir='ltr'>externo</span> 
     </span>
     <span class='ocr_line' id='line_1_3' title="bbox 417 482 2250 552; baseline 0.001 -17"><span class='ocrx_word' id='word_1_16' title='bbox 417 484 655 552; x_wconf 75' lang='lat' dir='ltr'>corporis</span> <span class='ocrx_word' id='word_1_17' title='bbox 684 484 876 535; x_wconf 83' lang='lat' dir='ltr'>habitu</span> <span class='ocrx_word' id='word_1_18' title='bbox 900 493 1149 552; x_wconf 70' lang='lat' dir='ltr'>yestitque</span> <span class='ocrx_word' id='word_1_19' title='bbox 1178 500 1240 535; x_wconf 88' lang='lat' dir='ltr'>ea</span> <span class='ocrx_word' id='word_1_20' title='bbox 1266 482 1593 552; x_wconf 78' lang='lat' dir='ltr'>perversitaS,</span> <span class='ocrx_word' id='word_1_21' title='bbox 1635 501 1739 534; x_wconf 91' lang='lat' dir='ltr'>non</span> <span class='ocrx_word' id='word_1_22' title='bbox 1776 489 1949 535; x_wconf 89' lang='lat' dir='ltr'>autem</span> <span class='ocrx_word' id='word_1_23' title='bbox 1973 483 2026 534; x_wconf 91' lang='lat' dir='ltr'>in</span> <span class='ocrx_word' id='word_1_24' title='bbox 2054 486 2173 536; x_wconf 76' lang='lat' dir='ltr'>vita</span> <span class='ocrx_word' id='word_1_25' title='bbox 2201 494 2250 536; x_wconf 81' lang='lat' dir='ltr'>et</span> 
     </span>
     <span class='ocr_line' id='line_1_4' title="bbox 417 563 2251 634; baseline 0.001 -19"><span class='ocrx_word' id='word_1_26' title='bbox 417 566 655 617; x_wconf 79' lang='lat' dir='ltr'>moribus</span> <span class='ocrx_word' id='word_1_27' title='bbox 705 564 975 617; x_wconf 90' lang='lat' dir='ltr'>obtineret.</span> <span class='ocrx_word' id='word_1_28' title='bbox 1065 564 1170 617; x_wconf 85' lang='lat' dir='ltr'>Sed</span> <span class='ocrx_word' id='word_1_29' title='bbox 1221 571 1275 617; x_wconf 90' lang='lat' dir='ltr'>et</span> <span class='ocrx_word' id='word_1_30' title='bbox 1319 563 1373 615; x_wconf 90' lang='lat' dir='ltr'>in</span> <span class='ocrx_word' id='word_1_31' title='bbox 1422 564 1502 616; x_wconf 90' lang='lat' dir='ltr'>his</span> <span class='ocrx_word' id='word_1_32' title='bbox 1547 582 1766 634; x_wconf 86' lang='lat' dir='ltr'>quoque,</span> <span class='ocrx_word' id='word_1_33' title='bbox 1819 565 1977 616; x_wconf 85' lang='lat' dir='ltr'>nihilo</span> <span class='ocrx_word' id='word_1_34' title='bbox 2032 565 2251 618; x_wconf 83' lang='lat' dir='ltr'>fortasse</span> 
     </span>
     <span class='ocr_line' id='line_1_5' title="bbox 417 641 2252 717; baseline 0.001 -19"><span class='ocrx_word' id='word_1_35' title='bbox 417 646 601 708; x_wconf 86' lang='lat' dir='ltr'>rarius,</span> <span class='ocrx_word' id='word_1_36' title='bbox 637 653 778 699; x_wconf 88' lang='lat' dir='ltr'>certe</span> <span class='ocrx_word' id='word_1_37' title='bbox 805 646 959 717; x_wconf 89' lang='lat' dir='ltr'>longe</span> <span class='ocrx_word' id='word_1_38' title='bbox 985 645 1330 716; x_wconf 80' lang='lat' dir='ltr'>perniciosiuS,</span> <span class='ocrx_word' id='word_1_39' title='bbox 1377 641 1604 715; x_wconf 70' lang='lat' dir='ltr'>tdecipit</span> <span class='ocrx_word' id='word_1_40' title='bbox 1633 648 1904 714; x_wconf 77' lang='lat' dir='ltr'>exemplar</span> <span class='ocrx_word' id='word_1_41' title='bbox 1941 649 2095 699; x_wconf 78' lang='lat' dir='ltr'>vitiis</span> <span class='ocrx_word' id='word_1_42' title='bbox 2130 649 2252 699; x_wconf 88' lang='lat' dir='ltr'>imi-</span> 
     </span>
     <span class='ocr_line' id='line_1_6' title="bbox 419 726 2253 798; baseline 0.001 -18"><span class='ocrx_word' id='word_1_43' title='bbox 419 730 584 782; x_wconf 81' lang='lat' dir='ltr'>tabile</span> <span class='ocrx_word' id='word_1_44' title='bbox 603 749 621 781; x_wconf 92' lang='lat'>.·</span> <span class='ocrx_word' id='word_1_45' title='bbox 662 729 784 780; x_wconf 90' lang='lat' dir='ltr'>dum</span> <span class='ocrx_word' id='word_1_46' title='bbox 826 727 1001 798; x_wconf 85' lang='lat' dir='ltr'>pravis</span> <span class='ocrx_word' id='word_1_47' title='bbox 1050 727 1414 798; x_wconf 76' lang='lat' dir='ltr'>cupiditatibus</span> <span class='ocrx_word' id='word_1_48' title='bbox 1456 726 1674 797; x_wconf 79' lang='lat' dir='ltr'>abrepti,</span> <span class='ocrx_word' id='word_1_49' title='bbox 1725 727 2049 798; x_wconf 85' lang='lat' dir='ltr'>propriisque</span> <span class='ocrx_word' id='word_1_50' title='bbox 2102 730 2253 782; x_wconf 88' lang='lat' dir='ltr'>affec-</span> 
     </span>
     <span class='ocr_line' id='line_1_7' title="bbox 416 809 2253 881; baseline 0.002 -20"><span class='ocrx_word' id='word_1_51' title='bbox 416 810 555 863; x_wconf 89' lang='lat' dir='ltr'>tibus</span> <span class='ocrx_word' id='word_1_52' title='bbox 603 810 754 862; x_wconf 87' lang='lat' dir='ltr'>nimis</span> <span class='ocrx_word' id='word_1_53' title='bbox 802 809 1147 881; x_wconf 88' lang='lat' dir='ltr'>indulgentes,</span> <span class='ocrx_word' id='word_1_54' title='bbox 1206 827 1236 861; x_wconf 94' lang='lat' dir='ltr'>e</span> <span class='ocrx_word' id='word_1_55' title='bbox 1281 827 1470 880; x_wconf 89' lang='lat' dir='ltr'>magno</span> <span class='ocrx_word' id='word_1_56' title='bbox 1521 811 1877 879; x_wconf 72' lang='lat' dir='ltr'>eoecmplorum</span> <span class='ocrx_word' id='word_1_57' title='bbox 1934 810 2133 863; x_wconf 89' lang='lat' dir='ltr'>cumulo</span> <span class='ocrx_word' id='word_1_58' title='bbox 2191 830 2253 864; x_wconf 90' lang='lat' dir='ltr'>ea</span> 
     </span>
     <span class='ocr_line' id='line_1_8' title="bbox 418 891 2252 964; baseline 0.001 -20"><span class='ocrx_word' id='word_1_59' title='bbox 418 892 529 944; x_wconf 88' lang='lat' dir='ltr'>fere</span> <span class='ocrx_word' id='word_1_60' title='bbox 568 892 839 964; x_wconf 83' lang='lat' dir='ltr'>deligimus</span> <span class='ocrx_word' id='word_1_61' title='bbox 877 892 1135 954; x_wconf 83' lang='lat' dir='ltr'>libentiuS‚</span> <span class='ocrx_word' id='word_1_62' title='bbox 1177 898 1230 943; x_wconf 91' lang='lat' dir='ltr'>et</span> <span class='ocrx_word' id='word_1_63' title='bbox 1266 891 1319 944; x_wconf 90' lang='lat' dir='ltr'>in</span> <span class='ocrx_word' id='word_1_64' title='bbox 1358 891 1481 960; x_wconf 86' lang='lat' dir='ltr'>ipsis</span> <span class='ocrx_word' id='word_1_65' title='bbox 1514 909 1601 943; x_wconf 87' lang='lat' dir='ltr'>eas</span> <span class='ocrx_word' id='word_1_66' title='bbox 1631 894 2070 945; x_wconf 71' lang='lat' dir='ltr'>circumstantias</span> <span class='ocrx_word' id='word_1_67' title='bbox 2098 894 2252 946; x_wconf 89' lang='lat' dir='ltr'>vehe-</span> 
     </span>
     <span class='ocr_line' id='line_1_9' title="bbox 418 973 2255 1046; baseline 0 -20"><span class='ocrx_word' id='word_1_68' title='bbox 418 974 639 1027; x_wconf 76' lang='lat' dir='ltr'>mentius</span> <span class='ocrx_word' id='word_1_69' title='bbox 682 991 942 1046; x_wconf 89' lang='lat' dir='ltr'>urgemus,</span> <span class='ocrx_word' id='word_1_70' title='bbox 991 991 1106 1043; x_wconf 84' lang='lat' dir='ltr'>quae</span> <span class='ocrx_word' id='word_1_71' title='bbox 1152 973 1553 1025; x_wconf 78' lang='lat' dir='ltr'>commodissime</span> <span class='ocrx_word' id='word_1_72' title='bbox 1598 974 1838 1027; x_wconf 90' lang='lat' dir='ltr'>videntur</span> <span class='ocrx_word' id='word_1_73' title='bbox 1883 973 1938 1026; x_wconf 92' lang='lat' dir='ltr'>in</span> <span class='ocrx_word' id='word_1_74' title='bbox 1978 992 2091 1026; x_wconf 89' lang='lat' dir='ltr'>eam</span> <span class='ocrx_word' id='word_1_75' title='bbox 2135 993 2255 1045; x_wconf 90' lang='lat' dir='ltr'>par-</span> 
     </span>
     <span class='ocr_line' id='line_1_10' title="bbox 418 1054 2256 1125; baseline 0.001 -17"><span class='ocrx_word' id='word_1_76' title='bbox 418 1064 525 1108; x_wconf 87' lang='lat' dir='ltr'>tem</span> <span class='ocrx_word' id='word_1_77' title='bbox 552 1055 689 1108; x_wconf 88' lang='lat' dir='ltr'>flecti</span> <span class='ocrx_word' id='word_1_78' title='bbox 718 1073 867 1125; x_wconf 87' lang='lat' dir='ltr'>posse</span> <span class='ocrx_word' id='word_1_79' title='bbox 897 1073 999 1124; x_wconf 90' lang='lat' dir='ltr'>qua</span> <span class='ocrx_word' id='word_1_80' title='bbox 1026 1055 1272 1107; x_wconf 90' lang='lat' dir='ltr'>inclinant</span> <span class='ocrx_word' id='word_1_81' title='bbox 1291 1054 1402 1124; x_wconf 87' lang='lat' dir='ltr'>jam</span> <span class='ocrx_word' id='word_1_82' title='bbox 1430 1063 1552 1107; x_wconf 87' lang='lat' dir='ltr'>ante</span> <span class='ocrx_word' id='word_1_83' title='bbox 1580 1055 1752 1118; x_wconf 89' lang='lat' dir='ltr'>animi,</span> <span class='ocrx_word' id='word_1_84' title='bbox 1790 1062 1848 1108; x_wconf 92' lang='lat' dir='ltr'>ut</span> <span class='ocrx_word' id='word_1_85' title='bbox 1876 1055 1947 1108; x_wconf 91' lang='lat' dir='ltr'>sic</span> <span class='ocrx_word' id='word_1_86' title='bbox 1976 1059 2256 1125; x_wconf 81' lang='lat' dir='ltr'>affectibus</span> 
     </span>
     <span class='ocr_line' id='line_1_11' title="bbox 418 1136 2255 1209; baseline 0.002 -21"><span class='ocrx_word' id='word_1_87' title='bbox 418 1145 473 1189; x_wconf 88' lang='lat' dir='ltr'>et</span> <span class='ocrx_word' id='word_1_88' title='bbox 501 1139 896 1206; x_wconf 76' lang='lat' dir='ltr'>cupiditatibus</span> <span class='ocrx_word' id='word_1_89' title='bbox 923 1136 1113 1189; x_wconf 87' lang='lat' dir='ltr'>nostris</span> <span class='ocrx_word' id='word_1_90' title='bbox 1140 1136 1465 1190; x_wconf 83' lang='lat' dir='ltr'>inserviatur.</span> <span class='ocrx_word' id='word_1_91' title='bbox 1544 1137 1608 1189; x_wconf 93' lang='lat' dir='ltr'>Id</span> <span class='ocrx_word' id='word_1_92' title='bbox 1636 1138 1773 1206; x_wconf 91' lang='lat' dir='ltr'>quod</span> <span class='ocrx_word' id='word_1_93' title='bbox 1797 1137 2034 1190; x_wconf 82' lang='lat' dir='ltr'>facillime</span> <span class='ocrx_word' id='word_1_94' title='bbox 2073 1140 2255 1209; x_wconf 90' lang='lat' dir='ltr'>depre-</span> 
     </span>
     <span class='ocr_line' id='line_1_12' title="bbox 418 1214 2257 1290; baseline 0.001 -19"><span class='ocrx_word' id='word_1_95' title='bbox 418 1219 613 1271; x_wconf 90' lang='lat' dir='ltr'>hendet</span> <span class='ocrx_word' id='word_1_96' title='bbox 630 1220 695 1271; x_wconf 92' lang='lat' dir='ltr'>ab</span> <span class='ocrx_word' id='word_1_97' title='bbox 718 1218 779 1270; x_wconf 92' lang='lat' dir='ltr'>iis</span> <span class='ocrx_word' id='word_1_98' title='bbox 800 1218 1012 1289; x_wconf 81' lang='lat' dir='ltr'>egregie</span> <span class='ocrx_word' id='word_1_99' title='bbox 1036 1217 1244 1279; x_wconf 88' lang='lat' dir='ltr'>factum,</span> <span class='ocrx_word' id='word_1_100' title='bbox 1270 1217 1357 1287; x_wconf 90' lang='lat' dir='ltr'>qui</span> <span class='ocrx_word' id='word_1_101' title='bbox 1377 1214 1631 1290; x_wconf 78' lang='grc' dir='ltr'>εὐταξίαν</span> <span class='ocrx_word' id='word_1_102' title='bbox 1652 1237 1718 1271; x_wconf 90' lang='lat' dir='ltr'>ex</span> <span class='ocrx_word' id='word_1_103' title='bbox 1735 1219 1978 1282; x_wconf 80' lang='lat' dir='ltr'>Ecclesia,</span> <span class='ocrx_word' id='word_1_104' title='bbox 1999 1238 2028 1272; x_wconf 93' lang='lat' dir='ltr'>e</span> <span class='ocrx_word' id='word_1_105' title='bbox 2046 1221 2257 1290; x_wconf 85' lang='lat' dir='ltr'>Repub-</span> 
     </span>
     <span class='ocr_line' id='line_1_13' title="bbox 417 1299 2256 1372; baseline 0.002 -20"><span class='ocrx_word' id='word_1_106' title='bbox 417 1300 516 1353; x_wconf 85' lang='lat' dir='ltr'>lica</span> <span class='ocrx_word' id='word_1_107' title='bbox 559 1319 735 1371; x_wconf 83' lang='lat' dir='ltr'>pacem</span> <span class='ocrx_word' id='word_1_108' title='bbox 777 1301 1060 1352; x_wconf 89' lang='lat' dir='ltr'>exturbare</span> <span class='ocrx_word' id='word_1_109' title='bbox 1104 1299 1397 1362; x_wconf 85' lang='lat' dir='ltr'>moliuntur,</span> <span class='ocrx_word' id='word_1_110' title='bbox 1449 1299 1677 1369; x_wconf 90' lang='lat' dir='ltr'>quisquis</span> <span class='ocrx_word' id='word_1_111' title='bbox 1728 1300 1926 1353; x_wconf 91' lang='lat' dir='ltr'>libellos</span> <span class='ocrx_word' id='word_1_112' title='bbox 1981 1319 2148 1372; x_wconf 89' lang='lat' dir='ltr'>nuper</span> <span class='ocrx_word' id='word_1_113' title='bbox 2189 1304 2256 1356; x_wconf 90' lang='lat' dir='ltr'>ab</span> 
     </span>
     <span class='ocr_line' id='line_1_14' title="bbox 420 1381 2255 1452; baseline 0.002 -17"><span class='ocrx_word' id='word_1_114' title='bbox 420 1385 820 1452; x_wconf 65' lang='lat' dir='ltr'>Anaboyotistis,</span> <span class='ocrx_word' id='word_1_115' title='bbox 852 1384 1196 1444; x_wconf 76' lang='lat' dir='ltr'>Brownistis,</span> <span class='ocrx_word' id='word_1_116' title='bbox 1233 1381 1445 1451; x_wconf 88' lang='lat' dir='ltr'>aliisque</span> <span class='ocrx_word' id='word_1_117' title='bbox 1475 1381 1703 1451; x_wconf 85' lang='lat' dir='ltr'>ejusdem</span> <span class='ocrx_word' id='word_1_118' title='bbox 1731 1382 1943 1435; x_wconf 88' lang='lat' dir='ltr'>furfuris</span> <span class='ocrx_word' id='word_1_119' title='bbox 1972 1386 2255 1448; x_wconf 75' lang='lat' dir='ltr'>Sectariis,</span> 
     </span>
     <span class='ocr_line' id='line_1_15' title="bbox 420 1463 2258 1537; baseline 0.002 -20"><span class='ocrx_word' id='word_1_120' title='bbox 420 1465 505 1518; x_wconf 88' lang='lat' dir='ltr'>vel</span> <span class='ocrx_word' id='word_1_121' title='bbox 533 1464 882 1535; x_wconf 90' lang='lat' dir='ltr'>superioribus</span> <span class='ocrx_word' id='word_1_122' title='bbox 910 1464 1104 1533; x_wconf 87' lang='lat' dir='ltr'>aliquot</span> <span class='ocrx_word' id='word_1_123' title='bbox 1125 1463 1270 1516; x_wconf 88' lang='lat' dir='ltr'>annis</span> <span class='ocrx_word' id='word_1_124' title='bbox 1298 1464 1365 1516; x_wconf 89' lang='lat' dir='ltr'>ab</span> <span class='ocrx_word' id='word_1_125' title='bbox 1395 1482 1572 1516; x_wconf 91' lang='lat' dir='ltr'>eorum</span> <span class='ocrx_word' id='word_1_126' title='bbox 1597 1482 1723 1517; x_wconf 88' lang='lat' dir='ltr'>vera</span> <span class='ocrx_word' id='word_1_127' title='bbox 1751 1464 2036 1536; x_wconf 82' lang='lat' dir='ltr'>propagine</span> <span class='ocrx_word' id='word_1_128' title='bbox 2065 1469 2258 1537; x_wconf 77' lang='lat' dir='ltr'>Refor-</span> 
     </span>
     <span class='ocr_line' id='line_1_16' title="bbox 420 1545 2256 1618; baseline 0.001 -20"><span class='ocrx_word' id='word_1_129' title='bbox 420 1549 721 1600; x_wconf 78' lang='lat' dir='ltr'>matoribus</span> <span class='ocrx_word' id='word_1_130' title='bbox 750 1549 1043 1599; x_wconf 63' lang='lat' dir='ltr'>Pici-itastis</span> <span class='ocrx_word' id='word_1_131' title='bbox 1071 1545 1251 1608; x_wconf 82' lang='lat' dir='ltr'>editos,</span> <span class='ocrx_word' id='word_1_132' title='bbox 1287 1545 1535 1598; x_wconf 87' lang='lat' dir='ltr'>attentius</span> <span class='ocrx_word' id='word_1_133' title='bbox 1576 1546 1873 1615; x_wconf 85' lang='lat' dir='ltr'>inspexerit.</span> <span class='ocrx_word' id='word_1_134' title='bbox 1955 1547 2112 1617; x_wconf 89' lang='lat' dir='ltr'>Cujus</span> <span class='ocrx_word' id='word_1_135' title='bbox 2141 1567 2256 1618; x_wconf 90' lang='lat' dir='ltr'>per-</span> 
     </span>
     <span class='ocr_line' id='line_1_17' title="bbox 422 1627 2258 1700; baseline 0.001 -18"><span class='ocrx_word' id='word_1_136' title='bbox 422 1628 683 1682; x_wconf 86' lang='lat' dir='ltr'>versitatis</span> <span class='ocrx_word' id='word_1_137' title='bbox 723 1628 778 1680; x_wconf 90' lang='lat' dir='ltr'>in</span> <span class='ocrx_word' id='word_1_138' title='bbox 816 1629 913 1680; x_wconf 92' lang='lat' dir='ltr'>hoc</span> <span class='ocrx_word' id='word_1_139' title='bbox 946 1627 1207 1679; x_wconf 89' lang='lat' dir='ltr'>hominum</span> <span class='ocrx_word' id='word_1_140' title='bbox 1251 1646 1443 1698; x_wconf 88' lang='lat' dir='ltr'>genere</span> <span class='ocrx_word' id='word_1_141' title='bbox 1481 1634 1539 1680; x_wconf 94' lang='lat' dir='ltr'>ut</span> <span class='ocrx_word' id='word_1_142' title='bbox 1578 1628 1722 1681; x_wconf 90' lang='lat' dir='ltr'>vobis</span> <span class='ocrx_word' id='word_1_143' title='bbox 1758 1628 2014 1698; x_wconf 88' lang='lat' dir='ltr'>specimen</span> <span class='ocrx_word' id='word_1_144' title='bbox 2049 1630 2258 1700; x_wconf 87' lang='lat' dir='ltr'>aliquod</span> 
     </span>
     <span class='ocr_line' id='line_1_18' title="bbox 422 1709 2258 1779; baseline 0.002 -17"><span class='ocrx_word' id='word_1_145' title='bbox 422 1711 709 1773; x_wconf 80' lang='lat' dir='ltr'>exhibeam,</span> <span class='ocrx_word' id='word_1_146' title='bbox 741 1710 900 1779; x_wconf 91' lang='lat' dir='ltr'>(quod</span> <span class='ocrx_word' id='word_1_147' title='bbox 930 1709 1037 1761; x_wconf 90' lang='lat' dir='ltr'>sine</span> <span class='ocrx_word' id='word_1_148' title='bbox 1068 1709 1210 1779; x_wconf 85' lang='lat' dir='ltr'>justa</span> <span class='ocrx_word' id='word_1_149' title='bbox 1253 1709 1550 1779; x_wconf 88' lang='lat' dir='ltr'>cujusquam</span> <span class='ocrx_word' id='word_1_150' title='bbox 1593 1710 1792 1763; x_wconf 87' lang='lat' dir='ltr'>cordati</span> <span class='ocrx_word' id='word_1_151' title='bbox 1837 1710 1936 1762; x_wconf 87' lang='lat' dir='ltr'>viri</span> <span class='ocrx_word' id='word_1_152' title='bbox 1981 1712 2258 1765; x_wconf 87' lang='lat' dir='ltr'>offensione</span> 
     </span>
     <span class='ocr_line' id='line_1_19' title="bbox 421 1790 2257 1864; baseline 0.001 -20"><span class='ocrx_word' id='word_1_153' title='bbox 421 1792 678 1845; x_wconf 85' lang='lat' dir='ltr'>facturum</span> <span class='ocrx_word' id='word_1_154' title='bbox 707 1809 789 1844; x_wconf 90' lang='lat' dir='ltr'>me</span> <span class='ocrx_word' id='word_1_155' title='bbox 817 1793 1008 1862; x_wconf 90' lang='lat' dir='ltr'>sper0,)</span> <span class='ocrx_word' id='word_1_156' title='bbox 1038 1792 1159 1843; x_wconf 91' lang='lat' dir='ltr'>date</span> <span class='ocrx_word' id='word_1_157' title='bbox 1187 1790 1312 1843; x_wconf 90' lang='lat' dir='ltr'>mihi</span> <span class='ocrx_word' id='word_1_158' title='bbox 1341 1809 1513 1860; x_wconf 85' lang='lat' dir='ltr'>quaeso</span> <span class='ocrx_word' id='word_1_159' title='bbox 1543 1791 1760 1853; x_wconf 89' lang='lat' dir='ltr'>veniam,</span> <span class='ocrx_word' id='word_1_160' title='bbox 1798 1792 2002 1845; x_wconf 91' lang='lat' dir='ltr'>unicum</span> <span class='ocrx_word' id='word_1_161' title='bbox 2029 1793 2257 1864; x_wconf 90' lang='lat' dir='ltr'>ipsorum</span> 
     </span>
     <span class='ocr_line' id='line_1_20' title="bbox 422 1873 2258 1946; baseline 0.002 -20"><span class='ocrx_word' id='word_1_162' title='bbox 422 1880 785 1946; x_wconf 86' lang='lat' dir='ltr'>argumentum</span> <span class='ocrx_word' id='word_1_163' title='bbox 823 1893 861 1926; x_wconf 81' lang='lat' dir='ltr'>a</span> <span class='ocrx_word' id='word_1_164' title='bbox 894 1875 1104 1927; x_wconf 76' lang='lat' dir='ltr'>Christi</span> <span class='ocrx_word' id='word_1_165' title='bbox 1139 1884 1189 1926; x_wconf 84' lang='lat' dir='ltr'>et</span> <span class='ocrx_word' id='word_1_166' title='bbox 1216 1875 1596 1943; x_wconf 77' lang='lat' dir='ltr'>Apostolorum</span> <span class='ocrx_word' id='word_1_167' title='bbox 1638 1873 1748 1944; x_wconf 89' lang='lat' dir='ltr'>ejus</span> <span class='ocrx_word' id='word_1_168' title='bbox 1776 1877 2009 1944; x_wconf 74' lang='lat' dir='ltr'>exemplo</span> <span class='ocrx_word' id='word_1_169' title='bbox 2049 1876 2258 1929; x_wconf 88' lang='lat' dir='ltr'>ductum</span> 
     </span>
     <span class='ocr_line' id='line_1_21' title="bbox 421 1955 2255 2028; baseline 0.002 -20"><span class='ocrx_word' id='word_1_170' title='bbox 421 1956 568 2009; x_wconf 89' lang='lat' dir='ltr'>brevi</span> <span class='ocrx_word' id='word_1_171' title='bbox 611 1955 834 2008; x_wconf 86' lang='lat' dir='ltr'>examini</span> <span class='ocrx_word' id='word_1_172' title='bbox 875 1955 1157 2025; x_wconf 88' lang='lat' dir='ltr'>subjicere:</span> <span class='ocrx_word' id='word_1_173' title='bbox 1201 1956 1340 2024; x_wconf 92' lang='lat' dir='ltr'>quod</span> <span class='ocrx_word' id='word_1_174' title='bbox 1368 1973 1525 2025; x_wconf 91' lang='lat' dir='ltr'>quum</span> <span class='ocrx_word' id='word_1_175' title='bbox 1550 1955 1615 2009; x_wconf 91' lang='lat' dir='ltr'>sit</span> <span class='ocrx_word' id='word_1_176' title='bbox 1641 1957 1708 2008; x_wconf 89' lang='lat' dir='ltr'>ab</span> <span class='ocrx_word' id='word_1_177' title='bbox 1732 1956 1856 2026; x_wconf 89' lang='lat' dir='ltr'>ipsis</span> <span class='ocrx_word' id='word_1_178' title='bbox 1884 1958 2083 2028; x_wconf 89' lang='lat' dir='ltr'>prolixe</span> <span class='ocrx_word' id='word_1_179' title='bbox 2116 1959 2255 2021; x_wconf 86' lang='lat' dir='ltr'>satis,</span> 
     </span>
     <span class='ocr_line' id='line_1_22' title="bbox 422 2037 2258 2109; baseline 0.001 -18"><span class='ocrx_word' id='word_1_180' title='bbox 422 2038 557 2091; x_wconf 89' lang='lat' dir='ltr'>addo</span> <span class='ocrx_word' id='word_1_181' title='bbox 587 2044 641 2091; x_wconf 90' lang='lat' dir='ltr'>et</span> <span class='ocrx_word' id='word_1_182' title='bbox 669 2037 793 2090; x_wconf 90' lang='lat' dir='ltr'>satis</span> <span class='ocrx_word' id='word_1_183' title='bbox 827 2037 1067 2099; x_wconf 88' lang='lat' dir='ltr'>animose,</span> <span class='ocrx_word' id='word_1_184' title='bbox 1101 2043 1414 2099; x_wconf 84' lang='lat' dir='ltr'>tractatum3</span> <span class='ocrx_word' id='word_1_185' title='bbox 1461 2055 1615 2106; x_wconf 88' lang='lat' dir='ltr'>quam</span> <span class='ocrx_word' id='word_1_186' title='bbox 1654 2038 1829 2101; x_wconf 90' lang='lat' dir='ltr'>solide,</span> <span class='ocrx_word' id='word_1_187' title='bbox 1870 2057 2025 2109; x_wconf 90' lang='lat' dir='ltr'>quam</span> <span class='ocrx_word' id='word_1_188' title='bbox 2061 2040 2258 2093; x_wconf 89' lang='lat' dir='ltr'>sincere</span> 
     </span>
     <span class='ocr_line' id='line_1_23' title="bbox 421 2118 1935 2192; baseline 0 -19"><span class='ocrx_word' id='word_1_189' title='bbox 421 2121 474 2174; x_wconf 92' lang='lat' dir='ltr'>in</span> <span class='ocrx_word' id='word_1_190' title='bbox 505 2139 564 2173; x_wconf 94' lang='lat' dir='ltr'>eo</span> <span class='ocrx_word' id='word_1_191' title='bbox 590 2126 897 2192; x_wconf 90' lang='lat' dir='ltr'>argumento</span> <span class='ocrx_word' id='word_1_192' title='bbox 927 2137 982 2171; x_wconf 92' lang='lat' dir='ltr'>se</span> <span class='ocrx_word' id='word_1_193' title='bbox 1009 2118 1278 2190; x_wconf 89' lang='lat' dir='ltr'>gesserint,</span> <span class='ocrx_word' id='word_1_194' title='bbox 1308 2125 1537 2172; x_wconf 88' lang='lat' dir='ltr'>vestrum</span> <span class='ocrx_word' id='word_1_195' title='bbox 1566 2118 1666 2172; x_wconf 87' lang='lat' dir='ltr'>erit</span> <span class='ocrx_word' id='word_1_196' title='bbox 1686 2119 1935 2189; x_wconf 89' lang='lat' dir='ltr'>judicare.</span> 
     </span>
    </p>

    <p class='ocr_par' dir='ltr' id='par_1_3' title="bbox 422 2200 2259 2929">
     <span class='ocr_line' id='line_1_24' title="bbox 538 2200 2257 2272; baseline 0.002 -18"><span class='ocrx_word' id='word_1_197' title='bbox 538 2203 690 2256; x_wconf 90' lang='lat' dir='ltr'>XVI.</span> <span class='ocrx_word' id='word_1_198' title='bbox 779 2201 982 2254; x_wconf 90' lang='lat' dir='ltr'>Prodiit</span> <span class='ocrx_word' id='word_1_199' title='bbox 1021 2200 1370 2272; x_wconf 86' lang='lat' dir='ltr'>quadraginta</span> <span class='ocrx_word' id='word_1_200' title='bbox 1404 2201 1605 2254; x_wconf 87' lang='lat' dir='ltr'>circiter</span> <span class='ocrx_word' id='word_1_201' title='bbox 1638 2209 1780 2254; x_wconf 90' lang='lat' dir='ltr'>retro</span> <span class='ocrx_word' id='word_1_202' title='bbox 1818 2202 1980 2266; x_wconf 78' lang='lat' dir='ltr'>anniS,</span> <span class='ocrx_word' id='word_1_203' title='bbox 2010 2204 2257 2257; x_wconf 90' lang='lat' dir='ltr'>adversus</span> 
     </span>
     <span class='ocr_line' id='line_1_25' title="bbox 422 2283 2257 2355; baseline 0.001 -17"><span class='ocrx_word' id='word_1_204' title='bbox 422 2286 580 2338; x_wconf 90' lang='lat' dir='ltr'>ritum</span> <span class='ocrx_word' id='word_1_205' title='bbox 619 2285 1095 2355; x_wconf 71' lang='lat' dir='ltr'>inyeuiculationis</span> <span class='ocrx_word' id='word_1_206' title='bbox 1136 2286 1198 2336; x_wconf 76' lang='lat' dir='ltr'>in</span> <span class='ocrx_word' id='word_1_207' title='bbox 1239 2301 1404 2336; x_wconf 74' lang='lat' dir='ltr'>sacra</span> <span class='ocrx_word' id='word_1_208' title='bbox 1447 2286 1659 2352; x_wconf 74' lang='lat' dir='ltr'>synaxi,</span> <span class='ocrx_word' id='word_1_209' title='bbox 1699 2283 1867 2336; x_wconf 90' lang='lat' dir='ltr'>editus</span> <span class='ocrx_word' id='word_1_210' title='bbox 1894 2303 1927 2336; x_wconf 89' lang='lat' dir='ltr'>a</span> <span class='ocrx_word' id='word_1_211' title='bbox 1954 2286 2257 2355; x_wconf 88' lang='lat' dir='ltr'>quibusdam</span> 
     </span>
     <span class='ocr_line' id='line_1_26' title="bbox 423 2365 2255 2438; baseline 0 -17"><span class='ocrx_word' id='word_1_212' title='bbox 423 2370 749 2422; x_wconf 71' lang='lat' dir='ltr'>Exouiensis</span> <span class='ocrx_word' id='word_1_213' title='bbox 786 2369 1061 2420; x_wconf 79' lang='lat' dir='ltr'>dioeccseos</span> <span class='ocrx_word' id='word_1_214' title='bbox 1094 2365 1352 2428; x_wconf 80' lang='lat' dir='ltr'>ministris,</span> <span class='ocrx_word' id='word_1_215' title='bbox 1377 2365 1568 2436; x_wconf 88' lang='lat' dir='ltr'>junctis</span> <span class='ocrx_word' id='word_1_216' title='bbox 1604 2365 1793 2419; x_wconf 89' lang='lat' dir='ltr'>scilicet</span> <span class='ocrx_word' id='word_1_217' title='bbox 1829 2367 2012 2438; x_wconf 90' lang='lat' dir='ltr'>operis,</span> <span class='ocrx_word' id='word_1_218' title='bbox 2040 2368 2255 2422; x_wconf 83' lang='lat' dir='ltr'>libellus,</span> 
     </span>
     <span class='ocr_line' id='line_1_27' title="bbox 424 2448 2256 2522; baseline 0 -19"><span class='ocrx_word' id='word_1_219' title='bbox 424 2451 571 2503; x_wconf 88' lang='lat' dir='ltr'>Inter</span> <span class='ocrx_word' id='word_1_220' title='bbox 626 2451 728 2503; x_wconf 90' lang='lat' dir='ltr'>alia</span> <span class='ocrx_word' id='word_1_221' title='bbox 784 2468 899 2519; x_wconf 85' lang='lat' dir='ltr'>quae</span> <span class='ocrx_word' id='word_1_222' title='bbox 942 2448 1168 2518; x_wconf 91' lang='lat' dir='ltr'>undique</span> <span class='ocrx_word' id='word_1_223' title='bbox 1208 2448 1490 2517; x_wconf 90' lang='lat' dir='ltr'>conquisita</span> <span class='ocrx_word' id='word_1_224' title='bbox 1530 2455 1838 2520; x_wconf 88' lang='lat' dir='ltr'>argumenta</span> <span class='ocrx_word' id='word_1_225' title='bbox 1875 2458 2256 2522; x_wconf 89' lang='lat' dir='ltr'>congesserunt,</span> 
     </span>
     <span class='ocr_line' id='line_1_28' title="bbox 423 2531 2258 2603; baseline 0.001 -19"><span class='ocrx_word' id='word_1_226' title='bbox 423 2533 476 2584; x_wconf 90' lang='lat' dir='ltr'>in</span> <span class='ocrx_word' id='word_1_227' title='bbox 514 2534 612 2585; x_wconf 91' lang='lat' dir='ltr'>hoc</span> <span class='ocrx_word' id='word_1_228' title='bbox 646 2551 763 2594; x_wconf 92' lang='lat' dir='ltr'>uno,</span> <span class='ocrx_word' id='word_1_229' title='bbox 805 2531 943 2601; x_wconf 91' lang='lat' dir='ltr'>quod</span> <span class='ocrx_word' id='word_1_230' title='bbox 971 2549 1002 2583; x_wconf 88' lang='lat' dir='ltr'>a</span> <span class='ocrx_word' id='word_1_231' title='bbox 1035 2532 1244 2583; x_wconf 76' lang='lat' dir='ltr'>Christi</span> <span class='ocrx_word' id='word_1_232' title='bbox 1272 2532 1506 2601; x_wconf 72' lang='lat' dir='ltr'>exemplo</span> <span class='ocrx_word' id='word_1_233' title='bbox 1539 2531 1756 2601; x_wconf 88' lang='lat' dir='ltr'>petitum</span> <span class='ocrx_word' id='word_1_234' title='bbox 1785 2538 1878 2595; x_wconf 90' lang='lat' dir='ltr'>est,</span> <span class='ocrx_word' id='word_1_235' title='bbox 1915 2551 2025 2603; x_wconf 84' lang='lat' dir='ltr'>prae</span> <span class='ocrx_word' id='word_1_236' title='bbox 2061 2534 2258 2586; x_wconf 73' lang='lat' dir='ltr'>caeteris</span> 
     </span>
     <span class='ocr_line' id='line_1_29' title="bbox 424 2612 2258 2683; baseline 0.002 -18"><span class='ocrx_word' id='word_1_237' title='bbox 424 2613 669 2666; x_wconf 90' lang='lat' dir='ltr'>videntur</span> <span class='ocrx_word' id='word_1_238' title='bbox 712 2613 859 2682; x_wconf 85' lang='lat' dir='ltr'>quasi</span> <span class='ocrx_word' id='word_1_239' title='bbox 901 2612 1235 2681; x_wconf 85' lang='lat' dir='ltr'>triumphare.</span> <span class='ocrx_word' id='word_1_240' title='bbox 1322 2612 1633 2683; x_wconf 89' lang='lat' dir='ltr'>Argumenti</span> <span class='ocrx_word' id='word_1_241' title='bbox 1678 2612 1755 2665; x_wconf 88' lang='lat' dir='ltr'>vis</span> <span class='ocrx_word' id='word_1_242' title='bbox 1804 2621 1857 2666; x_wconf 91' lang='lat' dir='ltr'>et</span> <span class='ocrx_word' id='word_1_243' title='bbox 1903 2632 2101 2667; x_wconf 86' lang='lat' dir='ltr'>summa</span> <span class='ocrx_word' id='word_1_244' title='bbox 2147 2616 2258 2668; x_wconf 84' lang='lat' dir='ltr'>haec</span> 
     </span>
     <span class='ocr_line' id='line_1_30' title="bbox 426 2692 2258 2767; baseline 0.001 -20"><span class='ocrx_word' id='word_1_245' title='bbox 426 2702 519 2747; x_wconf 90' lang='lat' dir='ltr'>est.</span> <span class='ocrx_word' id='word_1_246' title='bbox 598 2696 718 2747; x_wconf 90' lang='lat' dir='ltr'>Non</span> <span class='ocrx_word' id='word_1_247' title='bbox 746 2694 900 2747; x_wconf 92' lang='lat' dir='ltr'>licere</span> <span class='ocrx_word' id='word_1_248' title='bbox 927 2692 1120 2746; x_wconf 90' lang='lat' dir='ltr'>homini</span> <span class='ocrx_word' id='word_1_249' title='bbox 1153 2695 1468 2746; x_wconf 77' lang='lat' dir='ltr'>Christiano</span> <span class='ocrx_word' id='word_1_250' title='bbox 1496 2692 1549 2744; x_wconf 91' lang='lat' dir='ltr'>in</span> <span class='ocrx_word' id='word_1_251' title='bbox 1579 2694 1779 2745; x_wconf 90' lang='lat' dir='ltr'>actione</span> <span class='ocrx_word' id='word_1_252' title='bbox 1807 2695 1979 2764; x_wconf 88' lang='lat' dir='ltr'>aliqua</span> <span class='ocrx_word' id='word_1_253' title='bbox 2016 2696 2258 2767; x_wconf 86' lang='lat' dir='ltr'>religiosa</span> 
     </span>
     <span class='ocr_line' id='line_1_31' title="bbox 425 2775 2255 2847; baseline 0.001 -18"><span class='ocrx_word' id='word_1_254' title='bbox 425 2777 494 2829; x_wconf 86' lang='lat' dir='ltr'>ad</span> <span class='ocrx_word' id='word_1_255' title='bbox 523 2777 715 2829; x_wconf 91' lang='lat' dir='ltr'>cultum</span> <span class='ocrx_word' id='word_1_256' title='bbox 744 2776 846 2829; x_wconf 91' lang='lat' dir='ltr'>Dei</span> <span class='ocrx_word' id='word_1_257' title='bbox 873 2775 1165 2846; x_wconf 90' lang='lat' dir='ltr'>pertinente</span> <span class='ocrx_word' id='word_1_258' title='bbox 1189 2793 1221 2826; x_wconf 90' lang='lat' dir='ltr'>a</span> <span class='ocrx_word' id='word_1_259' title='bbox 1258 2776 1468 2827; x_wconf 75' lang='lat' dir='ltr'>Christi</span> <span class='ocrx_word' id='word_1_260' title='bbox 1510 2785 1559 2828; x_wconf 81' lang='lat' dir='ltr'>et</span> <span class='ocrx_word' id='word_1_261' title='bbox 1596 2776 1971 2844; x_wconf 76' lang='lat' dir='ltr'>Apostolorum</span> <span class='ocrx_word' id='word_1_262' title='bbox 2007 2780 2255 2847; x_wconf 73' lang='lat' dir='ltr'>eoeempZO,</span> 
     </span>
     <span class='ocr_line' id='line_1_32' title="bbox 426 2856 2259 2929; baseline 0.001 -19"><span class='ocrx_word' id='word_1_263' title='bbox 426 2859 565 2929; x_wconf 91' lang='lat' dir='ltr'>quod</span> <span class='ocrx_word' id='word_1_264' title='bbox 602 2859 809 2929; x_wconf 92' lang='lat' dir='ltr'>quidem</span> <span class='ocrx_word' id='word_1_265' title='bbox 846 2858 913 2912; x_wconf 90' lang='lat' dir='ltr'>sit</span> <span class='ocrx_word' id='word_1_266' title='bbox 948 2856 1211 2919; x_wconf 89' lang='lat' dir='ltr'>imitabile,</span> <span class='ocrx_word' id='word_1_267' title='bbox 1242 2856 1496 2909; x_wconf 89' lang='lat' dir='ltr'>ullatenus</span> <span class='ocrx_word' id='word_1_268' title='bbox 1525 2857 1785 2921; x_wconf 87' lang='lat' dir='ltr'>recedere,</span> <span class='ocrx_word' id='word_1_269' title='bbox 1817 2876 1974 2928; x_wconf 91' lang='lat' dir='ltr'>quum</span> <span class='ocrx_word' id='word_1_270' title='bbox 2002 2860 2068 2913; x_wconf 91' lang='lat' dir='ltr'>sit</span> <span class='ocrx_word' id='word_1_271' title='bbox 2097 2859 2259 2913; x_wconf 90' lang='lat' dir='ltr'>omnis</span> 
     </span>
    </p>
   </div>
   <div class='ocr_carea' id='block_1_3' title="bbox 1105 3041 1580 3091">
    <p class='ocr_par' dir='ltr' id='par_1_4' title="bbox 1105 3041 1580 3091">
     <span class='ocr_line' id='line_1_33' title="bbox 1105 3041 1580 3091; baseline 0.002 -12"><span class='ocrx_word' id='word_1_272' title='bbox 1105 3043 1118 3069; x_wconf 85' lang='lat' dir='ltr'>t</span> <span class='ocrx_word' id='word_1_273' title='bbox 1141 3043 1283 3080; x_wconf 85' lang='lat' dir='ltr'>Horat.</span> <span class='ocrx_word' id='word_1_274' title='bbox 1302 3043 1396 3081; x_wconf 88' lang='lat' dir='ltr'>ibid.</span> <span class='ocrx_word' id='word_1_275' title='bbox 1422 3042 1477 3091; x_wconf 87' lang='lat' dir='ltr'>[v.</span> <span class='ocrx_word' id='word_1_276' title='bbox 1496 3041 1580 3091; x_wconf 84' lang='lat'>17.]</span> 
     </span>
    </p>
   </div>
   <div class='ocr_carea' id='block_1_4' title="bbox 427 3165 2260 3794">
    <p class='ocr_par' dir='ltr' id='par_1_5' title="bbox 427 3165 2260 3510">
     <span class='ocr_line' id='line_1_34' title="bbox 521 3165 2257 3220; baseline 0.002 -13"><span class='ocrx_word' id='word_1_277' title='bbox 521 3170 589 3208; x_wconf 88' lang='grc'>15.</span> <span class='ocrx_word' id='word_1_278' title='bbox 653 3165 753 3209; x_wconf 90' lang='lat' dir='ltr'>The</span> <span class='ocrx_word' id='word_1_279' title='bbox 778 3180 904 3210; x_wconf 85' lang='lat' dir='ltr'>same</span> <span class='ocrx_word' id='word_1_280' title='bbox 929 3167 968 3211; x_wconf 87' lang='lat' dir='ltr'>is</span> <span class='ocrx_word' id='word_1_281' title='bbox 987 3172 1094 3212; x_wconf 90' lang='lat' dir='ltr'>true</span> <span class='ocrx_word' id='word_1_282' title='bbox 1115 3169 1165 3211; x_wconf 89' lang='lat' dir='ltr'>in</span> <span class='ocrx_word' id='word_1_283' title='bbox 1188 3169 1270 3213; x_wconf 86' lang='lat' dir='ltr'>life</span> <span class='ocrx_word' id='word_1_284' title='bbox 1291 3169 1385 3212; x_wconf 87' lang='lat' dir='ltr'>and</span> <span class='ocrx_word' id='word_1_285' title='bbox 1410 3182 1641 3220; x_wconf 88' lang='lat' dir='ltr'>manners,</span> <span class='ocrx_word' id='word_1_286' title='bbox 1662 3167 1815 3211; x_wconf 87' lang='lat' dir='ltr'>where</span> <span class='ocrx_word' id='word_1_287' title='bbox 1840 3167 1922 3211; x_wconf 89' lang='lat' dir='ltr'>the</span> <span class='ocrx_word' id='word_1_288' title='bbox 1947 3166 2042 3211; x_wconf 91' lang='lat' dir='ltr'>evil</span> <span class='ocrx_word' id='word_1_289' title='bbox 2064 3166 2102 3209; x_wconf 89' lang='lat' dir='ltr'>is</span> <span class='ocrx_word' id='word_1_290' title='bbox 2127 3180 2257 3211; x_wconf 89' lang='lat' dir='ltr'>more</span> 
     </span>
     <span class='ocr_line' id='line_1_35' title="bbox 427 3236 2260 3297; baseline 0.001 -17"><span class='ocrx_word' id='word_1_291' title='bbox 427 3236 617 3280; x_wconf 87' lang='lat' dir='ltr'>serious.</span> <span class='ocrx_word' id='word_1_292' title='bbox 677 3237 925 3295; x_wconf 84' lang='lat' dir='ltr'>Examples</span> <span class='ocrx_word' id='word_1_293' title='bbox 950 3238 1071 3283; x_wconf 87' lang='lat' dir='ltr'>have</span> <span class='ocrx_word' id='word_1_294' title='bbox 1090 3240 1211 3283; x_wconf 91' lang='lat' dir='ltr'>been</span> <span class='ocrx_word' id='word_1_295' title='bbox 1234 3240 1370 3297; x_wconf 81' lang='lat' dir='ltr'>given</span> <span class='ocrx_word' id='word_1_296' title='bbox 1395 3239 1458 3297; x_wconf 92' lang='lat' dir='ltr'>by</span> <span class='ocrx_word' id='word_1_297' title='bbox 1481 3239 1563 3283; x_wconf 89' lang='lat' dir='ltr'>the</span> <span class='ocrx_word' id='word_1_298' title='bbox 1593 3239 1848 3283; x_wconf 86' lang='lat' dir='ltr'>disturbers</span> <span class='ocrx_word' id='word_1_299' title='bbox 1873 3239 1928 3282; x_wconf 88' lang='lat' dir='ltr'>of</span> <span class='ocrx_word' id='word_1_300' title='bbox 1949 3237 2136 3282; x_wconf 83' lang='lat' dir='ltr'>Church</span> <span class='ocrx_word' id='word_1_301' title='bbox 2166 3239 2260 3281; x_wconf 91' lang='lat' dir='ltr'>and</span> 
     </span>
     <span class='ocr_line' id='line_1_36' title="bbox 429 3307 2260 3365; baseline 0.001 -15"><span class='ocrx_word' id='word_1_302' title='bbox 429 3308 575 3359; x_wconf 80' lang='lat' dir='ltr'>State,</span> <span class='ocrx_word' id='word_1_303' title='bbox 596 3307 910 3365; x_wconf 86' lang='lat' dir='ltr'>Anabaptists,</span> <span class='ocrx_word' id='word_1_304' title='bbox 939 3310 1206 3362; x_wconf 86' lang='lat' dir='ltr'>Brownists,</span> <span class='ocrx_word' id='word_1_305' title='bbox 1228 3311 1489 3354; x_wconf 82' lang='lat' dir='ltr'>Sectarians</span> <span class='ocrx_word' id='word_1_306' title='bbox 1521 3311 1575 3355; x_wconf 87' lang='lat' dir='ltr'>of</span> <span class='ocrx_word' id='word_1_307' title='bbox 1601 3311 1783 3354; x_wconf 86' lang='lat' dir='ltr'>various</span> <span class='ocrx_word' id='word_1_308' title='bbox 1806 3310 1958 3362; x_wconf 84' lang='lat' dir='ltr'>kinds,</span> <span class='ocrx_word' id='word_1_309' title='bbox 1983 3309 2077 3352; x_wconf 89' lang='lat' dir='ltr'>and</span> <span class='ocrx_word' id='word_1_310' title='bbox 2100 3310 2150 3351; x_wconf 90' lang='lat' dir='ltr'>in</span> <span class='ocrx_word' id='word_1_311' title='bbox 2174 3323 2260 3352; x_wconf 87' lang='lat' dir='ltr'>our</span> 
     </span>
     <span class='ocr_line' id='line_1_37' title="bbox 427 3379 2259 3439; baseline 0.001 -19"><span class='ocrx_word' id='word_1_312' title='bbox 427 3379 562 3422; x_wconf 88' lang='lat' dir='ltr'>times</span> <span class='ocrx_word' id='word_1_313' title='bbox 584 3379 647 3436; x_wconf 92' lang='lat' dir='ltr'>by</span> <span class='ocrx_word' id='word_1_314' title='bbox 671 3379 753 3423; x_wconf 89' lang='lat' dir='ltr'>the</span> <span class='ocrx_word' id='word_1_315' title='bbox 785 3381 1034 3433; x_wconf 87' lang='lat' dir='ltr'>Puritans;</span> <span class='ocrx_word' id='word_1_316' title='bbox 1066 3395 1127 3424; x_wconf 89' lang='lat' dir='ltr'>an</span> <span class='ocrx_word' id='word_1_317' title='bbox 1153 3382 1364 3439; x_wconf 89' lang='lat' dir='ltr'>example</span> <span class='ocrx_word' id='word_1_318' title='bbox 1390 3382 1509 3426; x_wconf 88' lang='lat' dir='ltr'>shall</span> <span class='ocrx_word' id='word_1_319' title='bbox 1534 3383 1594 3426; x_wconf 92' lang='lat' dir='ltr'>be</span> <span class='ocrx_word' id='word_1_320' title='bbox 1618 3383 1768 3439; x_wconf 86' lang='lat' dir='ltr'>given,</span> <span class='ocrx_word' id='word_1_321' title='bbox 1801 3380 1944 3424; x_wconf 85' lang='lat' dir='ltr'>taken</span> <span class='ocrx_word' id='word_1_322' title='bbox 1977 3380 2099 3423; x_wconf 80' lang='lat' dir='ltr'>from</span> <span class='ocrx_word' id='word_1_323' title='bbox 2135 3380 2259 3423; x_wconf 88' lang='lat' dir='ltr'>their</span> 
     </span>
     <span class='ocr_line' id='line_1_38' title="bbox 427 3450 2137 3510; baseline 0.002 -20"><span class='ocrx_word' id='word_1_324' title='bbox 427 3451 565 3493; x_wconf 89' lang='lat' dir='ltr'>mode</span> <span class='ocrx_word' id='word_1_325' title='bbox 587 3450 640 3493; x_wconf 84' lang='lat' dir='ltr'>of</span> <span class='ocrx_word' id='word_1_326' title='bbox 660 3451 887 3508; x_wconf 85' lang='lat' dir='ltr'>referring</span> <span class='ocrx_word' id='word_1_327' title='bbox 906 3456 956 3495; x_wconf 88' lang='lat' dir='ltr'>to</span> <span class='ocrx_word' id='word_1_328' title='bbox 981 3452 1062 3495; x_wconf 88' lang='lat' dir='ltr'>the</span> <span class='ocrx_word' id='word_1_329' title='bbox 1088 3453 1299 3510; x_wconf 86' lang='lat' dir='ltr'>example</span> <span class='ocrx_word' id='word_1_330' title='bbox 1325 3453 1379 3497; x_wconf 84' lang='lat' dir='ltr'>of</span> <span class='ocrx_word' id='word_1_331' title='bbox 1397 3453 1550 3498; x_wconf 86' lang='lat' dir='ltr'>Christ</span> <span class='ocrx_word' id='word_1_332' title='bbox 1575 3453 1667 3496; x_wconf 86' lang='lat' dir='ltr'>and</span> <span class='ocrx_word' id='word_1_333' title='bbox 1693 3453 1763 3496; x_wconf 88' lang='lat' dir='ltr'>his</span> <span class='ocrx_word' id='word_1_334' title='bbox 1788 3451 2018 3508; x_wconf 88' lang='lat' dir='ltr'>Apostles.</span> <span class='ocrx_word' id='word_1_335' title='bbox 2135 3497 2137 3499; x_wconf 62' lang='grc'>,</span> 
     </span>
    </p>

    <p class='ocr_par' dir='ltr' id='par_1_6' title="bbox 428 3520 2256 3794">
     <span class='ocr_line' id='line_1_39' title="bbox 522 3520 2256 3582; baseline 0.001 -20"><span class='ocrx_word' id='word_1_336' title='bbox 522 3523 590 3563; x_wconf 90' lang='grc'>16.</span> <span class='ocrx_word' id='word_1_337' title='bbox 652 3520 694 3563; x_wconf 94' lang='grc' dir='ltr'><strong>Α</strong></span> <span class='ocrx_word' id='word_1_338' title='bbox 708 3522 832 3565; x_wconf 88' lang='lat' dir='ltr'>book</span> <span class='ocrx_word' id='word_1_339' title='bbox 847 3536 937 3565; x_wconf 87' lang='lat' dir='ltr'>was</span> <span class='ocrx_word' id='word_1_340' title='bbox 956 3523 1202 3580; x_wconf 89' lang='lat' dir='ltr'>published</span> <span class='ocrx_word' id='word_1_341' title='bbox 1219 3525 1363 3568; x_wconf 87' lang='lat' dir='ltr'>about</span> <span class='ocrx_word' id='word_1_342' title='bbox 1383 3524 1508 3582; x_wconf 87' lang='lat' dir='ltr'>forty</span> <span class='ocrx_word' id='word_1_343' title='bbox 1526 3537 1659 3582; x_wconf 85' lang='lat' dir='ltr'>years</span> <span class='ocrx_word' id='word_1_344' title='bbox 1678 3536 1780 3579; x_wconf 85' lang='lat' dir='ltr'>ago,</span> <span class='ocrx_word' id='word_1_345' title='bbox 1800 3522 1863 3578; x_wconf 89' lang='lat' dir='ltr'>by</span> <span class='ocrx_word' id='word_1_346' title='bbox 1878 3534 2005 3564; x_wconf 89' lang='lat' dir='ltr'>some</span> <span class='ocrx_word' id='word_1_347' title='bbox 2026 3520 2256 3564; x_wconf 89' lang='lat' dir='ltr'>ministers</span> 
     </span>
     <span class='ocr_line' id='line_1_40' title="bbox 429 3589 2256 3653; baseline 0.002 -22"><span class='ocrx_word' id='word_1_348' title='bbox 429 3590 481 3632; x_wconf 86' lang='lat' dir='ltr'>of</span> <span class='ocrx_word' id='word_1_349' title='bbox 503 3589 582 3633; x_wconf 85' lang='lat' dir='ltr'>the</span> <span class='ocrx_word' id='word_1_350' title='bbox 603 3592 785 3636; x_wconf 88' lang='lat' dir='ltr'>diocese</span> <span class='ocrx_word' id='word_1_351' title='bbox 810 3593 864 3636; x_wconf 87' lang='lat' dir='ltr'>of</span> <span class='ocrx_word' id='word_1_352' title='bbox 888 3594 1074 3647; x_wconf 87' lang='lat' dir='ltr'>Exeter,</span> <span class='ocrx_word' id='word_1_353' title='bbox 1100 3596 1280 3652; x_wconf 84' lang='lat' dir='ltr'>against</span> <span class='ocrx_word' id='word_1_354' title='bbox 1304 3596 1385 3639; x_wconf 89' lang='lat' dir='ltr'>the</span> <span class='ocrx_word' id='word_1_355' title='bbox 1412 3597 1616 3653; x_wconf 90' lang='lat' dir='ltr'>practice</span> <span class='ocrx_word' id='word_1_356' title='bbox 1642 3594 1696 3637; x_wconf 85' lang='lat' dir='ltr'>of</span> <span class='ocrx_word' id='word_1_357' title='bbox 1713 3592 1932 3648; x_wconf 91' lang='lat' dir='ltr'>kneeling</span> <span class='ocrx_word' id='word_1_358' title='bbox 1955 3591 2005 3634; x_wconf 89' lang='lat' dir='ltr'>in</span> <span class='ocrx_word' id='word_1_359' title='bbox 2031 3591 2113 3635; x_wconf 90' lang='lat' dir='ltr'>the</span> <span class='ocrx_word' id='word_1_360' title='bbox 2139 3592 2256 3635; x_wconf 90' lang='lat' dir='ltr'>cele-</span> 
     </span>
     <span class='ocr_line' id='line_1_41' title="bbox 428 3659 2256 3724; baseline 0.003 -23"><span class='ocrx_word' id='word_1_361' title='bbox 428 3659 614 3704; x_wconf 85' lang='lat' dir='ltr'>bration</span> <span class='ocrx_word' id='word_1_362' title='bbox 649 3662 702 3706; x_wconf 85' lang='lat' dir='ltr'>of</span> <span class='ocrx_word' id='word_1_363' title='bbox 737 3663 819 3706; x_wconf 85' lang='lat' dir='ltr'>the</span> <span class='ocrx_word' id='word_1_364' title='bbox 861 3665 1023 3710; x_wconf 89' lang='lat' dir='ltr'>Lord’s</span> <span class='ocrx_word' id='word_1_365' title='bbox 1063 3667 1260 3724; x_wconf 81' lang='lat' dir='ltr'>Supper.</span> <span class='ocrx_word' id='word_1_366' title='bbox 1336 3666 1520 3723; x_wconf 89' lang='lat' dir='ltr'>Among</span> <span class='ocrx_word' id='word_1_367' title='bbox 1555 3665 1692 3708; x_wconf 90' lang='lat' dir='ltr'>other</span> <span class='ocrx_word' id='word_1_368' title='bbox 1729 3666 1995 3719; x_wconf 84' lang='lat' dir='ltr'>arguments</span> <span class='ocrx_word' id='word_1_369' title='bbox 2037 3676 2125 3706; x_wconf 90' lang='lat' dir='ltr'>one</span> <span class='ocrx_word' id='word_1_370' title='bbox 2165 3677 2256 3707; x_wconf 87' lang='lat' dir='ltr'>was</span> 
     </span>
     <span class='ocr_line' id='line_1_42' title="bbox 429 3729 2256 3794; baseline 0.002 -21"><span class='ocrx_word' id='word_1_371' title='bbox 429 3729 631 3787; x_wconf 91' lang='lat' dir='ltr'>brought</span> <span class='ocrx_word' id='word_1_372' title='bbox 650 3732 851 3776; x_wconf 83' lang='lat' dir='ltr'>forward</span> <span class='ocrx_word' id='word_1_373' title='bbox 875 3735 986 3778; x_wconf 91' lang='lat' dir='ltr'>with</span> <span class='ocrx_word' id='word_1_374' title='bbox 1007 3751 1036 3779; x_wconf 88' lang='lat' dir='ltr'>a</span> <span class='ocrx_word' id='word_1_375' title='bbox 1055 3742 1188 3794; x_wconf 88' lang='lat' dir='ltr'>great</span> <span class='ocrx_word' id='word_1_376' title='bbox 1208 3738 1278 3780; x_wconf 85' lang='lat' dir='ltr'>air</span> <span class='ocrx_word' id='word_1_377' title='bbox 1298 3737 1352 3781; x_wconf 79' lang='lat' dir='ltr'>of</span> <span class='ocrx_word' id='word_1_378' title='bbox 1371 3734 1592 3793; x_wconf 89' lang='lat' dir='ltr'>triumph,</span> <span class='ocrx_word' id='word_1_379' title='bbox 1620 3735 1775 3777; x_wconf 85' lang='lat' dir='ltr'>drawn</span> <span class='ocrx_word' id='word_1_380' title='bbox 1796 3733 1920 3777; x_wconf 87' lang='lat' dir='ltr'>from</span> <span class='ocrx_word' id='word_1_381' title='bbox 1939 3733 2019 3777; x_wconf 89' lang='lat' dir='ltr'>the</span> <span class='ocrx_word' id='word_1_382' title='bbox 2045 3734 2256 3791; x_wconf 87' lang='lat' dir='ltr'>example</span> 
     </span>
    </p>
   </div>
  </div>
 </body>
</html>
