2482 4166
363 259 468 310 240
792 265 878 310 DE
919 265 1436 312 PROMULGATION
1437 267 1476 310 E
1518 267 1759 314 LEGUM.

361 412 478 448 seca
507 400 586 447 est
614 399 666 447 et
689 394 997 448 essentialis:
1027 414 1131 448 non
1156 403 1329 449 autem
1357 402 1570 466 possunt
1591 398 1797 450 subditi
1824 394 2049 448 actiones
2076 413 2195 448 suas

362 476 639 530 secundum
679 476 929 547 Principis
968 476 1046 530 sui
1088 478 1405 531 voluntatem
1446 480 1696 548 diriyere,
1740 477 1838 530 nisi
1887 484 2196 549 cognoscant

361 558 494 611 hanc
523 577 633 612 esse
668 558 777 629 ejus
813 561 1137 613 voluntatem
1153 580 1174 621 ;
1216 578 1310 612 nec
1337 559 1390 612 id
1429 559 1559 612 scire
1587 567 1814 630 possunt,
1858 559 1954 612 nisi
1979 559 2046 613 sit
2073 559 2195 630 ipsis

362 652 573 694 externo
623 640 793 710 aliquo
837 644 985 710 siyno
1028 643 1175 711 (puta
1220 659 1359 703 voce,
1405 641 1611 711 scripto,
1658 641 1936 712 sculptura,
1980 641 2193 695 similive

361 722 481 793 alio)
511 722 822 776 sufficienter.
834 725 1124 792 proposita
1152 728 1206 774 et
1232 721 1585 775 manifestata..

483 806 578 859 IV.
658 807 800 857 Dico
836 806 1077 865 secunda
1110 803 1178 855 ad
1208 804 1698 872 promulqationem
1736 806 1865 873 Zeqis
1897 804 1971 858 ita
2001 811 2061 858 ut
2101 806 2192 859 ob-

361 886 490 958 liget
517 885 747 940 subditos
775 903 878 937 non
907 884 1135 937 sufficere
1175 884 1313 953 quod
1356 886 1666 953 Leyislator
1695 885 2010 939 voluntatem
2049 904 2193 939 suam

362 968 435 1021 eis
480 967 680 1038 publice
726 965 977 1038 significet
994 985 1012 1032 ;ι
1051 966 1142 1018 sed
1181 964 1397 1018 ulterius
1447 965 1601 1018 etiam
1647 966 1855 1037 requiri,
1897 973 1956 1020 ut
1997 967 2193 1021 solenni

360 1050 532 1119 aliquo
566 1047 796 1101 adhibito
826 1050 941 1100 ritu
968 1046 1023 1100 id
1051 1047 1173 1100 fiat:
1217 1053 1308 1100 aut
1336 1047 1517 1100 saltem
1545 1047 1618 1101 ita
1646 1048 1737 1102 fiat
1776 1049 1934 1119 (quod
1962 1051 2192 1104 solennis

361 1133 502 1184 ritus
529 1130 692 1183 instar
726 1130 899 1192 habet,
942 1135 995 1182 et
1032 1129 1338 1183 tantundem
1377 1129 1539 1199 valet)
1579 1137 1638 1183 ut
1682 1130 1806 1183 satis
1844 1138 2090 1184 testatum
2124 1132 2191 1185 sit

361 1212 576 1265 subditis
612 1213 1000 1282 Leyislatorem
1041 1211 1326 1274 intendere,
1369 1217 1429 1264 ut
1470 1211 1559 1264 illa
1595 1211 1753 1283 ipsius
1783 1213 2018 1266 voluntas
2046 1216 2189 1283 ἀἱρο-

361 1314 473 1348 rem
504 1296 634 1364 Zeyis
661 1294 867 1357 habeat,
900 1299 953 1346 et
993 1311 1080 1346 eos
1116 1295 1322 1363 obliyet.
1412 1293 1572 1364 Cujus
1620 1294 1755 1347 ratio
1795 1301 1887 1357 est,
1930 1294 2050 1364 quia
2088 1313 2192 1348 non

361 1376 524 1429 omnis
568 1378 816 1430 voluntas
850 1378 1159 1446 superioris,
1206 1376 1303 1428 etsi
1346 1375 1550 1428 subdito
1596 1376 1817 1448 cognita,
1864 1377 2102 1430 continuo
2137 1383 2191 1430 et

359 1459 469 1529 ipso
499 1459 635 1512 facto
671 1477 787 1512 eum
826 1460 1032 1527 obliqat
1048 1478 1068 1519 ;
1110 1457 1208 1510 nisi
1244 1457 1399 1510 etiam
1439 1464 1637 1511 constet
1667 1460 1993 1528 superiorem
2020 1462 2191 1513 inten-

361 1543 503 1594 disse
530 1547 590 1595 ut
619 1541 888 1612 obligaret.
980 1540 1160 1593 Omnis
1203 1540 1337 1592 enim
1376 1542 1621 1610 superior
1660 1540 1979 1613 Legislativa
2020 1548 2188 1611 potes-

360 1629 470 1676 tate
514 1622 777 1693 praeditus,
837 1640 993 1692 quum
1050 1624 1318 1691 duplicem
1367 1622 1617 1675 sustineat
1662 1642 1992 1692 personam,·
2034 1642 2189 1676 unam

359 1704 615 1776 privatam
646 1722 748 1774 qua
784 1706 934 1757 homo
977 1706 1293 1772 sinyularis,
1336 1703 1553 1756 alteram
1581 1705 1836 1774 publicam
1877 1723 1980 1774 qua
2018 1707 2189 1775 Zeyiti-

359 1806 480 1840 mus
501 1789 747 1857 superior
766 1807 784 1838 .·
821 1792 992 1857 potest
1020 1785 1211 1838 idcirco
1247 1785 1500 1855 duplicem
1530 1786 1701 1839 subire
1731 1786 2189 1839 considerationem

361 1869 471 1923 sive
498 1874 803 1939 respectum.
891 1867 1103 1938 Peperit
1141 1866 1288 1920 nobis
1322 1867 1463 1920 haud
1498 1867 1572 1920 ita
1600 1867 1800 1938 pridem
1829 1868 1965 1921 inter
1992 1868 2187 1921 medias

358 1951 538 2004 turbas
573 1949 891 2020 inauspicata
929 1949 1251 2018 quorundam
1287 1947 1496 2001 solertia
1536 1968 1729 2002 novam
1772 1952 2185 2012 distinctionem,

359 2033 425 2085 de
454 2031 617 2104 Regis
642 2049 827 2102 nempe
856 2032 1165 2100 capacitate
1197 2029 1292 2097 (sic
1319 2029 1454 2082 enim
1482 2031 1621 2100 loqui
1649 2031 1859 2101 placuit)
1889 2033 2185 2100 personali,

359 2126 409 2168 et
437 2117 714 2185 politica;
757 2112 1003 2184 praesenti
1047 2111 1255 2184 negotio
1300 2113 1433 2179 (meo
1479 2112 1661 2164 saltem
1698 2111 1911 2183 judicio)
1951 2131 2103 2182 quam
2140 2113 2189 2165 ei

358 2198 435 2250 rei
483 2214 598 2266 quae
645 2203 768 2249 tunc
812 2195 1083 2267 agebatur,
1130 2193 1393 2264 aliquanto
1437 2193 1845 2247 commodiorem.
1931 2194 2189 2247 Nimirum

359 2279 431 2331 sic
459 2285 566 2332 est:
608 2280 860 2331 Voluntas
891 2279 1185 2348 Principis,
1226 2275 1269 2328 si
1298 2274 1649 2328 consideretur
1670 2276 1908 2347 princeps
1937 2279 1997 2329 in
2025 2295 2189 2346 capa-

360 2364 524 2414 citate
552 2379 654 2414 sua
672 2361 972 2430 personali,
1017 2359 1115 2411 hoc
1149 2365 1243 2419 est,
1280 2364 1338 2411 ut
1356 2376 1594 2427 persona
1630 2359 1931 2427 sinyularis
1965 2365 2018 2411 et
2046 2358 2190 2428 quasi

357 2443 578 2514 privata,
623 2461 726 2495 non
773 2442 932 2494 habet
975 2440 1226 2493 rationem
1273 2442 1418 2509 teyis,
1466 2458 1560 2492 nec
1606 2439 1802 2511 obligat
1847 2442 2087 2493 subditos
2131 2446 2191 2492 ut

358 2525 636 2577 secundum
665 2541 778 2576 eam
809 2525 1059 2592 diriyant
1096 2521 1322 2575 actiones
1355 2539 1487 2573 suas.
1568 2522 1711 2593 Ergo
1745 2521 1813 2574 ad
1842 2523 2190 2591 obliyandum

358 2608 598 2658 subditos
651 2623 754 2657 non
799 2604 923 2658 satis
980 2610 1073 2666 est,
1131 2611 1190 2656 ut
1236 2605 1504 2672 Princeps
1551 2621 1852 2673 quocunque
1909 2603 2059 2655 modo
2117 2602 2190 2654 eis

360 2686 610 2758 significet
637 2686 735 2738 hoc
766 2685 848 2740 vel
875 2685 1002 2738 illud
1037 2702 1092 2738 se
1128 2686 1258 2738 velle
1276 2705 1293 2740 .·
1336 2684 1435 2736 nisi
1474 2683 1630 2738 etiam
1676 2684 1909 2739 alicunde
1955 2689 2190 2737 constare

453 2885 496 2923 4.
562 2878 790 2936 Secondly,
816 2878 927 2922 This
960 2883 1085 2922 must
1118 2878 1179 2922 be
1204 2878 1326 2922 done
1359 2879 1408 2920 in
1443 2891 1572 2922 some
1597 2877 1777 2921 solemn
1812 2876 1905 2919 and
1935 2876 2191 2933 appointed

361 2964 569 2994 manner.
634 2950 729 2994 For
760 2950 797 2993 it
822 2950 860 2993 is
896 2953 978 2993 not
1004 2949 1085 2993 the
1109 2962 1238 2992 mere
1272 2948 1383 2991 Will
1416 2947 1470 2991 of
1490 2947 1570 2991 the
1591 2947 1853 3004 Legislator
1877 2960 1927 2990 as
1957 2961 1985 2989 a
2009 2947 2190 3004 private

361 3035 544 3079 person,
562 3021 647 3064 but
668 3034 717 3064 as
738 3034 766 3063 a
789 3020 947 3077 public
971 3033 1158 3077 person,
1183 3018 1334 3063 which
1360 3019 1535 3075 obliges
1555 3017 1636 3061 the
1656 3017 1871 3073 subJects.

453 3093 540 3135 We
575 3091 691 3135 have
723 3091 869 3134 heard
905 3091 1044 3134 much
1071 3091 1124 3134 of
1142 3090 1251 3140 late,
1277 3089 1543 3133 Sanderson
1575 3101 1692 3145 says,
1726 3087 1779 3131 of
1799 3087 1881 3131 the
1918 3086 2189 3132 distinction

361 3163 572 3207 between
595 3163 676 3206 the
701 3162 862 3219 King's
892 3162 1108 3218 personal
1130 3162 1341 3218 capacity
1356 3160 1449 3203 and
1468 3160 1540 3203 his
1561 3158 1768 3216 political
1788 3158 2015 3216 capacity.
2078 3158 2190 3202 This

363 3234 632 3277 distinction
652 3234 690 3277 is
707 3233 761 3277 of
779 3246 909 3276 more
930 3233 1127 3276 suitable
1149 3232 1433 3289 application
1448 3231 1523 3274 for
1539 3244 1625 3274 our
1644 3233 1834 3287 present
1848 3243 2063 3287 purpose,
2076 3229 2191 3272 than

363 3306 413 3348 in
448 3305 529 3349 the
567 3318 693 3349 cases
718 3309 767 3348 to
793 3303 943 3347 which
968 3305 1006 3347 it
1036 3304 1119 3347 has
1145 3304 1265 3347 been
1290 3302 1493 3360 applied.
1545 3302 1594 3345 N
1596 3301 1760 3358 amely,
1784 3300 1866 3344 the
1890 3300 2002 3343 Will
2033 3300 2087 3343 of
2110 3299 2192 3343 the

362 3376 531 3420 Prince
553 3376 602 3418 in
620 3375 690 3418 his
712 3375 891 3433 private
913 3375 1123 3432 capacity
1140 3374 1249 3418 does
1269 3378 1353 3417 not
1370 3373 1523 3430 oblige
1543 3372 1624 3415 the
1645 3371 1859 3427 subJects,
1880 3371 1966 3414 but
1987 3371 2097 3428 only
2119 3370 2191 3413 his

362 3446 473 3488 Will
499 3448 548 3489 in
571 3446 643 3489 his
664 3446 871 3503 political
892 3446 1117 3502 capacity,
1143 3445 1192 3487 in
1217 3458 1267 3488 so
1292 3444 1366 3487 far
1386 3457 1435 3487 as
1456 3444 1516 3486 he
1541 3443 1578 3487 is
1603 3442 1684 3486 the
1710 3442 1846 3484 Head
1871 3441 1925 3484 of
1947 3441 2029 3484 the
2056 3441 2190 3484 Com-

363 3518 559 3574 munity,
577 3518 670 3560 and
694 3517 903 3560 invested
924 3516 1035 3560 with
1059 3516 1314 3573 legislative
1340 3528 1507 3572 power.
1566 3513 1672 3556 And
1699 3511 1933 3555 therefore
1957 3512 2038 3555 the
2062 3524 2191 3554 mere

364 3588 670 3643 signification
691 3588 744 3632 of
763 3588 834 3631 his
855 3587 966 3630 Will
991 3588 1029 3630 is
1050 3591 1134 3630 not
1153 3585 1367 3643 enough3
1392 3585 1526 3628 there
1550 3587 1674 3626 must
1693 3582 1753 3626 be
1775 3596 1901 3627 some
1920 3582 2077 3640 public
2098 3581 2191 3624 and

364 3658 543 3700 solemn
574 3672 821 3716 ceremony
853 3658 908 3701 of
942 3653 1287 3715 promulgating
1318 3657 1474 3700 Laws:
1509 3654 1612 3698 that
1646 3666 1754 3697 men
1785 3667 1894 3711 may
1918 3657 2001 3697 not
2026 3664 2191 3696 excuse

365 3726 488 3769 their
513 3728 837 3773 disobedience
858 3729 921 3786 by
947 3729 1120 3788 saying,
1145 3728 1170 3771 I
1189 3727 1284 3771 had
1305 3731 1389 3771 not
1408 3724 1609 3782 thought
1634 3723 1687 3767 of
1702 3724 1750 3767 it.
