2482 4166
357 247 463 301 270
607 253 693 297 DE
734 254 962 298 LEGUM
1003 253 1425 299 HUMANARUM
1466 255 1670 300 CAUSA
1709 256 1942 301 FINALI.

359 382 587 454 praelatis
616 383 911 450 concedant,
944 389 1003 436 ut
1031 400 1127 454 par
1157 389 1250 446 est,
1285 385 1454 453 Zeyum
1491 383 1646 437 etiam
1673 385 2192 439 Ecclesiasticarum

359 466 692 519 ferendarum
721 472 1044 536 potestatem.
1339 464 1342 465 ⁷

485 550 586 602 III.
667 549 866 604 Verum
901 547 986 601 isti
1019 547 1209 601 fratres
1243 548 1424 613 nostri,
1469 554 1529 602 ut
1566 549 1658 602 abs
1697 551 2192 619 Anabaptistarum

357 630 475 683 telis
504 649 558 684 se
587 629 770 684 tuituri
799 630 915 692 sint,
946 637 1127 682 nostra
1160 648 1267 696 non*
1292 629 1509 682 multum
1541 630 1788 684 interest:
1824 631 1921 701 ipsi
1953 631 2189 684 viderint.

358 714 469 766 Nos
496 713 644 766 facile
672 712 1054 782 respondemuS,
1095 728 1205 763 esse
1234 710 1439 779 quidem
1464 713 1661 779 Leqem
1689 714 1926 765 Naturoe
1954 712 2192 765 cordibus

359 794 688 866 inscriptam;
729 811 841 846 esse
880 799 932 845 et
966 794 1162 861 Leyem
1209 793 1419 844 Christi
1456 791 1510 843 in
1548 793 1833 863 Evangelio
1875 794 2191 857 revelatam3

359 883 633 947 utramque
677 876 730 928 in
775 893 866 927 suo
905 891 1097 946 genere
1135 875 1588 942 perfectissimam
1608 891 1626 923 .·
1665 873 1740 926 ita
1782 880 1957 927 tamen
1998 881 2058 927 ut
2099 893 2193 928 sua

360 965 560 1011 constet
598 959 834 1027 Leyibus
869 957 1138 1017 humanis,
1177 972 1282 1006 non
1311 954 1475 1007 solum
1513 956 1731 1008 utilitas
1759 974 2059 1028 permagna,
2102 958 2193 1009 sed

360 1048 413 1094 et
441 1060 569 1093 usus
597 1039 753 1092 etiam
778 1039 1125 1091 necessarius.
1217 1036 1350 1099 Quia
1380 1038 1548 1108 Leges
1572 1037 1674 1089 illae
1704 1037 1889 1091 divinae
1912 1040 2193 1107 yeneralia

358 1128 561 1175 tantum
594 1139 770 1173 rerum
812 1119 1132 1192 agendarum
1163 1120 1450 1189 principia
1494 1118 1787 1173 continent:
1832 1138 1861 1172 e
1898 1120 2096 1189 quibus,
2135 1128 2193 1174 ut

360 1222 425 1256 ex
453 1203 556 1257 suis
583 1201 845 1273 principiis
886 1203 1257 1262 conclusione-9,
1297 1200 1610 1253 deducendae
1640 1208 1759 1254 sunt
1789 1204 1987 1270 reyuloe
2029 1202 2194 1274 magis

359 1286 632 1355 speciales,
673 1285 743 1337 ad
781 1284 1098 1354 publicarum
1133 1283 1434 1337 societatum
1470 1290 1523 1336 et
1561 1282 1897 1355 singularium
1930 1283 2193 1337 hominum

360 1386 530 1420 mores
574 1374 716 1420 recte
757 1366 1097 1420 instituendos
1151 1365 1504 1438 accommodae.
1589 1366 1775 1436 Neque
1824 1384 1948 1419 vero
1990 1365 2193 1419 omnino

361 1450 645 1503 verendum
689 1456 782 1512 est,
817 1467 883 1502 ne
921 1450 1088 1518 Le9is
1128 1450 1351 1501 Divinae
1393 1447 1695 1518 perfectioni
1729 1448 1828 1501 isto
1862 1455 2012 1518 pacto
2048 1448 2194 1518 quid-

362 1550 516 1602 quam
560 1533 857 1603 derogetur.
945 1532 1066 1583 Non
1109 1530 1244 1584 enim
1282 1530 1338 1583 id
1379 1537 1543 1601 agunt
1581 1532 1788 1600 Leyum
1829 1532 2193 1583 humanarum

363 1614 667 1676 conditoreS,
699 1621 757 1666 ut
785 1613 1178 1684 locupletissimo
1207 1612 1281 1665 illi
1309 1615 1511 1665 divinoe
1538 1614 1702 1682 Leyis
1729 1613 1973 1666 thesauro
2002 1613 2195 1684 aliquid

363 1699 576 1749 addant
602 1696 928 1750 divitiarum:
965 1695 1066 1747 imo
1087 1705 1347 1766 promunt
1374 1694 1494 1747 inde
1522 1695 1691 1765 potius
1721 1702 2025 1765 eruuntque,
2057 1695 2195 1765 quod

362 1778 459 1831 sibi
505 1778 709 1848 suisque
742 1778 978 1848 judicant
1020 1777 1135 1829 usui
1174 1776 1302 1839 fore,
1347 1782 1401 1829 et
1442 1776 1495 1829 in
1542 1795 1808 1829 commune
1842 1777 1983 1830 utile.
2049 1779 2193 1848 Ergo

362 1863 532 1929 Leyes
569 1862 834 1922 humanae,
875 1860 918 1912 si
948 1859 1152 1929 quidem
1183 1857 1340 1929 justae
1374 1865 1509 1921 sunt,
1541 1858 1668 1910 nihil
1707 1858 1847 1911 aliud
1886 1865 2006 1911 sunt
2041 1877 2195 1928 quam

363 1944 526 2011 Leyis
555 1944 757 1995 divinoe
784 1934 1099 2017 ἁποφυάδες
1121 1940 1357 2009 quaedam
1388 1946 1441 1992 et
1468 1937 1938 2007 ἁποσπασμάτιατ
1971 1941 2069 1993 hoc
2099 1947 2192 2003 est,

362 2025 675 2093 reyularum
706 2026 1055 2093 yeneralium,
1093 2040 1220 2092 quas
1254 2021 1676 2074 indeterminatas
1713 2022 1961 2075 exhibent
1993 2029 2195 2075 naturae

364 2107 490 2169 Lex,
523 2113 575 2159 et
604 2107 778 2159 Sacrae
805 2106 984 2168 literae,
1017 2106 1483 2157 determinationes
1513 2105 1905 2174 particulares,
1936 2103 2004 2156 ad
2033 2110 2196 2157 certo-

362 2207 477 2241 rum
521 2189 825 2258 populorum
869 2187 1210 2240 conditionem
1263 2192 1317 2239 et
1364 2185 1654 2248 utilitatem,
1708 2203 1803 2256 pro
1849 2186 2091 2248 locorum,
2145 2193 2198 2238 et

361 2277 653 2341 temporum
682 2269 882 2323 ratione
920 2269 1205 2340 prudenter
1234 2268 1644 2321 accommodatae.
1715 2268 1954 2338 Exempli
1993 2268 2195 2339 gratia3

362 2353 530 2405 Docet
558 2354 675 2406 Leoe
696 2355 935 2406 Naturae
959 2351 1013 2403 in
1034 2368 1241 2421 genere,
1272 2351 1415 2402 nulli
1424 2352 1754 2418 faciendam
1775 2369 1881 2404 esse
1903 2351 2196 2419 injuriam:

363 2442 416 2487 et
445 2436 540 2504 qui
567 2436 730 2488 alteri
758 2436 1023 2503 injuriam
1036 2434 1253 2503 feeerit,
1286 2434 1362 2484 ad
1392 2450 1510 2484 eam
1540 2434 1987 2501 compensandam
2014 2432 2195 2484 teneri.

363 2517 461 2569 Ast
502 2517 555 2568 in
593 2517 777 2587 specie,
822 2524 997 2569 utrum
1040 2516 1083 2567 is
1118 2514 1205 2585 qui
1243 2532 1337 2585 per
1367 2513 1586 2566 vicinum
1628 2532 1814 2586 agrum
1857 2532 2011 2585 pecus
2053 2513 2197 2583 plau-

364 2605 594 2650 strumve
620 2598 802 2669 egerit,
834 2600 1098 2666 injuriam
1127 2596 1291 2649 vicino
1320 2595 1534 2658 fecerit3
1580 2602 1632 2648 et
1661 2614 1776 2665 quae
1803 2596 1871 2649 sit
1900 2595 2074 2650 debita
2101 2613 2196 2665 pro

364 2697 428 2731 ea
460 2678 647 2749 injuria
676 2681 1035 2749 compensatio
1054 2699 1073 2736 ‚·
1118 2696 1221 2730 non
1251 2677 1429 2746 utique
1458 2696 1523 2729 ex
1549 2680 1788 2731 Naturae
1816 2680 1974 2747 Leye,
2012 2678 2103 2731 sed
2132 2696 2198 2730 ex

457 2875 496 2915 3.
556 2870 678 2914 That
713 2870 903 2913 Human
935 2870 1067 2913 Laws
1099 2883 1178 2912 are
1209 2882 1454 2926 necessary
1486 2869 1535 2910 in
1572 2867 1784 2911 addition
1814 2870 1865 2909 to
1900 2866 1981 2909 the
2005 2866 2116 2909 Law
2148 2865 2203 2909 of

362 2942 544 2985 Nature
565 2942 657 2984 and
678 2941 759 2985 the
780 2942 890 2984 Law
915 2941 969 2984 of
990 2939 1158 2984 Christ.
1219 2941 1312 2983 For
1345 2940 1476 2983 these
1500 2939 1633 2982 Laws
1654 2937 1840 2981 contain
1866 2937 1976 2993 only
2006 2936 2196 2993 general

363 3013 625 3070 principles,
651 3012 800 3056 which
821 3012 1004 3069 require
1029 3015 1079 3054 to
1105 3011 1165 3054 be
1186 3010 1477 3054 determined
1504 3009 1567 3067 by
1597 3022 1726 3052 more
1759 3007 1932 3065 special
1966 3007 2090 3050 rules
2119 3006 2195 3050 for

362 3083 443 3127 the
468 3084 694 3140 guidance
715 3083 768 3127 of
789 3083 999 3127 societies
1020 3082 1114 3125 and
1135 3082 1189 3125 of
1208 3095 1330 3125 men.

451 3155 553 3198 Nor
574 3155 684 3198 does
712 3155 805 3198 this
827 3154 1048 3211 derogate
1068 3153 1189 3196 from
1211 3152 1291 3196 the
1312 3151 1573 3210 perfection
1600 3150 1654 3193 of
1672 3148 1753 3193 the
1772 3149 1941 3192 Divine
1960 3148 2096 3199 Law3
2134 3160 2195 3190 on

362 3226 443 3269 the
465 3230 694 3283 contrary,
713 3225 903 3269 Human
922 3226 1054 3268 Laws
1085 3238 1165 3267 are
1189 3223 1446 3281 particular
1471 3220 1851 3266 determinations
1877 3219 1931 3263 of
1946 3219 2027 3263 the
2057 3231 2194 3275 gene-

362 3297 433 3340 ral
452 3297 575 3342 rules
598 3297 847 3340 contained
872 3296 920 3339 in
941 3295 1022 3339 the
1042 3295 1152 3338 Law
1174 3294 1228 3337 of
1248 3295 1431 3337 Nature
1451 3293 1541 3336 and
1566 3292 1619 3335 of
1637 3291 1890 3348 Scripture.

453 3369 547 3412 For
573 3368 783 3424 example
800 3383 812 3419 3
850 3367 931 3410 the
961 3367 1072 3409 Law
1096 3365 1151 3409 of
1174 3366 1356 3408 Nature
1391 3363 1582 3408 teaches
1617 3361 1855 3419 generally
1888 3359 1991 3404 that
2021 3373 2090 3403 we
2114 3373 2194 3403 are

362 3443 446 3482 not
465 3443 513 3483 to
531 3439 590 3482 do
610 3453 768 3496 wrong
789 3442 838 3482 to
860 3452 964 3496 any,
979 3437 1072 3481 and
1093 3450 1172 3480 are
1193 3441 1243 3480 to
1264 3435 1400 3479 make
1422 3433 1771 3491 compensation
1786 3432 1860 3476 for
1878 3444 2035 3487 wrong
2054 3430 2189 3474 done.

362 3510 457 3553 But
476 3509 687 3553 whether
707 3510 731 3552 I
757 3510 816 3553 do
838 3523 996 3566 wrong
1022 3513 1072 3552 to
1105 3522 1134 3551 a
1165 3521 1274 3550 man
1294 3507 1357 3564 by
1378 3506 1559 3561 driving
1587 3519 1667 3562 my
1702 3508 1801 3546 cart
1827 3516 1936 3546 over
1967 3501 2038 3545 his
2070 3501 2196 3552 field,

363 3581 456 3623 and
489 3581 531 3623 if
551 3594 616 3631 so,
638 3580 761 3624 what
800 3580 1150 3638 compensation
1183 3580 1208 3622 I
1241 3581 1366 3622 must
1396 3576 1546 3629 make,
1567 3575 1605 3619 is
1639 3578 1688 3618 to
1720 3574 1781 3618 be
1813 3572 2008 3618 decided
2026 3571 2089 3629 by
2112 3570 2194 3614 the

366 3650 482 3694 Civil
502 3652 626 3696 LaW.

453 3720 629 3777 Again:
666 3722 769 3767 that
802 3722 883 3767 the
915 3722 1185 3780 magistrate
1219 3716 1257 3766 is
1283 3723 1332 3766 to
1364 3717 1534 3778 punish
1567 3715 1829 3768 evil-dcem,
1862 3715 1899 3760 is
1930 3712 2096 3771 taught
2131 3712 2194 3770 by
