2482 4166
425 278 495 331 36
958 288 1044 332 DE
1087 287 1263 332 BONA
1302 288 1374 333 IN
1377 289 1722 334 TENTIONE.

424 414 789 479 immediatam,
819 421 975 486 atque
1003 415 1077 469 ita
1105 416 1344 487 deinceps
1374 435 1536 488 usque
1565 418 1632 470 ad
1661 436 1909 471 summam
1940 422 1992 471 et
2014 421 2259 487 primam

424 500 692 567 Requlam
711 518 731 559 ;
775 517 990 568 cumque
1017 498 1314 551 immediata
1351 501 1695 553 Conscientiae
1732 501 1914 572 regula
1942 500 2049 554 sive
2078 501 2163 553 lex
2193 500 2260 552 sit

424 591 573 633 recta
612 582 798 643 Ratio,
849 580 954 652 legi
990 588 1163 634 tamen
1206 581 1456 650 superiori
1507 600 1659 651 quam
1710 583 1853 634 Deus
1897 582 1945 634 ei
1982 582 2260 652 praestituit

421 663 660 715 subdita:
708 664 1098 716 Conscientiam
1127 669 1236 715 tum
1266 663 1469 715 demum
1506 662 1604 715 dici
1632 666 1873 725 Rectam,
1918 683 2032 716 cum
2062 664 2260 716 confor-

421 744 517 797 mis
554 752 632 797 est
660 756 817 798 rectae
845 747 1054 798 rationi
1088 744 1242 814 juxta
1271 763 1384 797 eam
1428 745 1596 816 legem
1626 762 1779 814 quam
1809 746 1952 797 Deus
1991 763 2258 816 supremus

425 827 716 898 Legislator
745 827 792 879 ei
821 826 1113 897 praestituit,
1144 845 1240 896 pro
1267 826 1555 880 conditione
1583 827 1716 879 illius
1745 834 1901 880 actus
1929 826 2037 880 sive
2066 830 2257 897 operis,

424 909 763 979 quodcunque
798 910 1007 962 tandem
1044 909 1172 961 illud
1205 909 1376 972 fuerit,
1414 909 1548 962 circa
1576 910 1713 979 quod
1756 927 1850 979 pro
1879 916 2111 980 tempore
2145 927 2260 961 ver-

425 998 584 1044 satur.
674 991 872 1047 Ultima
915 991 1132 1061 proinde
1180 991 1423 1044 resolutio
1481 994 1826 1046 Conscientiae
1876 998 1954 1044 est
2001 992 2054 1043 in
2098 993 2259 1060 leyem

425 1072 651 1141 aliquam
687 1072 928 1126 rationali
954 1080 1204 1126 creaturae
1236 1092 1269 1126 a
1298 1075 1411 1126 Deo
1443 1074 1766 1144 impositam:
1810 1081 1868 1128 ut
1900 1073 1988 1144 qui
2016 1073 2152 1126 solus
2182 1080 2260 1125 est

432 1154 777 1207 Conscientiae
816 1156 1085 1207 Dominus
1122 1161 1175 1207 et
1217 1173 1485 1225 supremus
1523 1157 1845 1227 Legislator3
1891 1155 1979 1225 qui
2015 1174 2130 1208 eam
2168 1156 2259 1207 ho-

424 1235 547 1287 mini
582 1234 798 1297 indidit3
840 1235 928 1304 qui
966 1234 1077 1305 ejus
1113 1235 1250 1288 solus
1291 1237 1526 1308 cognitor
1560 1245 1639 1290 est
1678 1245 1731 1291 et
1761 1237 1956 1308 judex3
2001 1236 2089 1306 qui
2124 1236 2260 1289 solus

422 1324 733 1388 potestatem
771 1318 931 1370 habet
964 1317 1204 1380 animam,
1248 1325 1404 1388 prout
1445 1318 1612 1389 legem
1641 1318 1798 1388 ipsius
1840 1318 2127 1372 servaverit
2168 1325 2261 1371 aut

425 1400 708 1462 violaverit,
750 1399 993 1453 servandi
1023 1407 1075 1453 et
1096 1400 1361 1469 perdendi,
1396 1399 1549 1470 juxta
1577 1400 1703 1452 illud
1733 1404 1854 1454 Jac.
1878 1400 1944 1453 iv.
1971 1403 2058 1462 12,
2112 1403 2261 1454 Unus

427 1493 503 1535 est
531 1484 857 1550 Leyislator,
890 1484 985 1551 qui
1005 1492 1182 1551 potest
1215 1501 1431 1535 servare
1467 1493 1516 1535 et
1547 1485 1785 1551 perdere.
1862 1483 1924 1535 Id
1956 1482 2092 1552 quod
2121 1482 2259 1553 apud

426 1582 617 1626 omnes,
667 1571 918 1633 quotquot
945 1564 1144 1633 uspiam
1185 1570 1303 1616 sunt
1332 1564 1609 1626 hominum,
1655 1565 1784 1617 adeo
1811 1564 1865 1617 in
1907 1565 2134 1617 confesso
2164 1570 2257 1625 est,

425 1654 624 1699 utnon
653 1645 800 1698 facile
831 1645 1139 1716 reperiatur,
1180 1645 1268 1715 qui
1303 1645 1356 1697 id
1391 1645 1555 1716 ipsum
1585 1649 1644 1699 in
1685 1649 1819 1700 thesi
1851 1665 1954 1698 non
1982 1646 2118 1699 ultro
2156 1645 2261 1698 lar-

427 1728 603 1801 giatur
642 1746 751 1780 esse
777 1727 1110 1781 verissimum.
1198 1727 1297 1780 Ast
1335 1730 1395 1780 in
1423 1730 1712 1797 hypothesi,
1733 1728 1822 1782 ubi
1851 1728 1974 1799 quid
2002 1728 2260 1800 agendum

429 1818 524 1874 est,
560 1810 728 1862 nescio
760 1828 861 1880 qua
890 1810 1056 1862 cordis
1091 1810 1301 1862 humani
1339 1811 1597 1881 pravitate
1622 1810 1733 1863 fieri
1767 1811 1910 1873 solet,
1941 1817 1999 1864 ut
2028 1810 2260 1881 plerique

429 1892 737 1955 mortalium,
770 1892 946 1961 (etiam
984 1911 1176 1956 eorum,
1206 1891 1293 1962 qui
1318 1911 1411 1945 nec
1444 1892 1540 1945 sibi
1579 1893 1834 1957 videntur,
1875 1912 1968 1946 nec
1993 1893 2121 1955 aliis,
2156 1911 2262 1945 om-

429 1993 547 2027 nem
576 1993 786 2045 prorsus
816 1974 1134 2044 conscientiae
1160 1992 1334 2027 curam
1359 1974 1640 2046 abjecisse,)
1663 1983 1769 2028 tam
1799 1976 1973 2047 pronis
1995 1975 2262 2028 affectibus

430 2058 499 2110 ad
528 2075 590 2109 ea
617 2057 852 2109 ferantur
886 2075 1001 2126 quae
1028 2057 1167 2109 facta
1209 2057 1433 2127 cupiunt,
1465 2064 1523 2110 ut
1552 2076 1613 2111 ea
1650 2077 1753 2110 non
1788 2059 1856 2111 ad
1884 2058 2083 2111 unicam
2122 2057 2261 2109 illam

429 2159 735 2209 supremam
773 2141 1018 2209 requiam
1051 2138 1271 2191 fideliter
1309 2138 1563 2211 exigenda
1600 2140 1871 2202 adducant,
1908 2142 2045 2210 (quae
2086 2146 2261 2193 tamen

431 2223 540 2276 sola
568 2229 740 2293 potest
772 2241 1003 2275 securam
1032 2228 1282 2292 praestare
1317 2222 1675 2275 conscientiam
1696 2225 1731 2292 ς)
1762 2223 1853 2275 sed
1882 2223 2005 2276 satis
2034 2240 2144 2274 esse
2170 2222 2262 2274 du-

430 2311 549 2357 cant
577 2305 644 2358 ad
681 2306 1022 2359 Conscientiae
1052 2323 1156 2357 suae
1192 2304 1532 2368 securitatem,
1574 2304 1617 2357 si
1649 2312 1740 2358 aut
1771 2308 1915 2359 bonoe
1952 2306 2263 2358 intentionis

430 2394 705 2457 praetextU,
737 2394 827 2440 aut
863 2389 1041 2441 sancti
1068 2389 1179 2440 viri
1208 2389 1454 2457 exempZO,
1495 2394 1587 2440 aut
1612 2386 1822 2458 alicujus
1850 2386 2025 2459 magni
2048 2385 2262 2439 nominis

444 2472 698 2539 Theoloyi
736 2472 1061 2523 auctoritate
1102 2488 1156 2522 se
1188 2469 1426 2539 factaque
1467 2488 1561 2522 sua
1591 2488 1792 2540 quoquo
1821 2470 1972 2522 modo
2001 2469 2136 2522 tueri
2173 2486 2264 2538 po-

432 2552 642 2607 tuerint.
748 2553 877 2614 Quae
924 2554 1102 2604 cordis
1152 2554 1379 2603 humani
1423 2554 1673 2621 deceptio,
1725 2570 1882 2622 quum
1927 2559 1981 2604 et
2030 2551 2263 2603 omnibus

434 2632 616 2684 seculis
654 2632 864 2684 nimium
904 2632 1193 2694 invaluerit,
1241 2639 1294 2685 et
1332 2633 1616 2685 novissimis
1657 2633 1795 2686 hisce
1830 2633 2145 2703 temporibus
2180 2632 2264 2684 vel

436 2713 687 2776 maxime3
732 2732 841 2786 rem
872 2713 1186 2766 utilissimam
1216 2732 1297 2765 me
1326 2714 1580 2766 facturum
1610 2714 1854 2784 judicavi,
1891 2721 1944 2767 et
1972 2714 2051 2766 his
2081 2713 2264 2784 quibus

435 2909 647 2958 Reason3
672 2906 764 2950 this
787 2905 928 2963 being
952 2906 1170 2963 required
1190 2910 1239 2949 to
1261 2905 1320 2950 be
1347 2907 1617 2951 conformed
1641 2911 1691 2951 to
1716 2906 1798 2950 the
1821 2906 1988 2965 higher
2016 2907 2151 2959 Rule,
2182 2908 2265 2952 the

437 2979 549 3021 Will
575 2978 628 3021 of
650 2978 768 3021 God.
833 2977 993 3021 Hence
1018 2991 1046 3020 a
1066 2976 1191 3034 right
1213 2977 1492 3022 Conscience
1512 2979 1549 3021 is
1571 2978 1674 3022 that
1693 2977 1843 3021 which
1863 2979 1901 3021 is
1922 2978 2193 3021 conformed
2212 2983 2263 3023 to

438 3049 585 3107 Right
605 3050 804 3099 Reason,
829 3061 879 3091 so
900 3062 949 3091 as
972 3052 1021 3092 to
1053 3061 1190 3105 agree
1220 3048 1331 3091 with
1359 3049 1440 3093 the
1473 3050 1585 3092 Law
1615 3048 1764 3092 which
1791 3048 1910 3100 God,
1937 3047 2018 3092 the
2047 3062 2263 3105 supreme

438 3121 715 3178 Legislator,
734 3119 816 3162 has
838 3120 1105 3177 appointed,
1123 3120 1371 3177 according
1390 3125 1439 3164 to
1470 3120 1551 3165 the
1573 3120 1811 3164 condition
1831 3119 1885 3163 of
1910 3118 1990 3162 the
2011 3120 2264 3175 particular

441 3197 517 3235 act
554 3191 912 3248 contemplated.
985 3191 1112 3234 Thus
1135 3191 1416 3235 conscience
1442 3192 1479 3235 is
1496 3191 1758 3248 ultimately
1778 3189 1989 3233 resolved
2012 3190 2111 3233 into
2133 3204 2161 3233 a
2178 3190 2266 3233 law

439 3263 651 3320 imposed
670 3276 731 3305 on
750 3261 831 3305 the
851 3262 1054 3305 rational
1079 3269 1290 3305 creature
1311 3263 1372 3321 by
1395 3263 1513 3316 God,
1533 3263 1614 3306 the
1635 3274 1850 3319 supreme
1870 3261 1964 3305 and
1984 3261 2092 3319 only
2106 3261 2266 3318 Legis-

438 3334 560 3377 lator
580 3333 672 3376 and
698 3333 873 3390 Judge:
915 3347 991 3377 see
1019 3334 1073 3376 St
1093 3334 1249 3377 James
1270 3334 1328 3378 iv.
1356 3339 1426 3377 12.

531 3405 644 3448 Men
678 3404 812 3447 allow
847 3404 938 3448 this
968 3405 1018 3447 in
1053 3405 1170 3456 thesi,
1200 3418 1248 3447 as
1280 3419 1308 3447 a
1340 3405 1528 3462 general
1560 3405 1795 3457 doctrine3
1831 3404 1918 3448 but
1947 3404 1996 3445 in
2032 3402 2266 3459 hypothesi,

434 3475 576 3519 ¹when
599 3475 711 3533 they
730 3475 848 3519 have
878 3480 928 3519 to
954 3475 1059 3518 deal
1083 3475 1194 3519 with
1217 3477 1470 3533 particular
1494 3490 1634 3528 cases,
1654 3476 1766 3533 they
1791 3474 1920 3519 often
1951 3473 2010 3515 do
2036 3476 2119 3514 not
2142 3472 2267 3514 refer

442 3550 492 3588 to
531 3546 623 3590 this
655 3547 751 3590 sole
789 3546 883 3589 and
923 3547 1149 3603 Supreme
1188 3547 1323 3599 Rule,
1357 3548 1444 3591 but
1480 3561 1560 3591 are
1597 3545 1798 3591 satisfied
1839 3549 1890 3587 to
1936 3542 2107 3585 defend
2144 3542 2267 3585 their

443 3616 618 3660 actions
641 3630 702 3659 on
726 3617 807 3660 the
837 3618 1019 3673 ground
1044 3617 1195 3661 either
1214 3618 1268 3661 of
1296 3618 1426 3661 Good
1443 3618 1680 3669 Intention,
1709 3629 1762 3659 or
1792 3615 1846 3659 of
1868 3613 1950 3658 the
1969 3613 2194 3670 Example
2214 3614 2274 3670 of

443 3685 566 3742 Holy
590 3687 712 3739 Men,
738 3701 792 3730 or
816 3688 870 3730 of
893 3688 974 3731 the
1004 3687 1246 3745 Authority
1276 3690 1336 3744 of
1353 3689 1552 3732 Divinas.

535 3755 685 3799 These
705 3756 838 3801 three
862 3759 1066 3815 grounds
1092 3760 1146 3803 of
1166 3759 1359 3803 defence
1379 3772 1459 3803 are
1484 3763 1534 3802 to
1559 3757 1619 3802 be
1645 3755 1902 3801 examined.
