2482 4166
867 264 1249 309 PRAELEOTIO
1292 264 1552 317 QUINTA.
2028 258 2133 316 14¹7

292 393 414 466 ipsis
450 392 667 447 vicissim
695 392 1051 464 rependamus.
1140 392 1321 465 Exigit
1358 394 1455 446 hoc
1496 410 1528 445 a
1556 391 1704 446 nobis
1734 392 1949 464 (optima
1988 398 2131 467 oequi

294 478 417 529 boni
445 477 547 545 lex)
577 483 725 529 vetus
753 475 840 528 illa
866 475 1317 529 commutationum
1346 475 1583 539 formula,
1618 471 1731 536 Δός
1760 500 1833 539 τι,
1866 475 1953 531 καὶ
1976 476 2127 545 λάβε

292 582 367 613 τι.
456 559 528 611 Et
570 558 799 629 profecto
836 558 1238 629 perversissimae
1279 558 1467 612 mentis
1506 565 1600 622 est,
1636 560 1731 612 sub
1780 558 1915 611 illius
1961 562 2130 613 domi-

290 642 532 694 nationis
558 643 873 710 patrocinio
912 641 1045 695 velle
1088 641 1280 704 vivere,
1318 640 1399 693 cui
1435 660 1638 710 parere
1679 640 1843 694 nolis:
1890 647 1944 695 et
1987 641 2130 712 cujus

282 725 613 793 protectione
640 723 883 795 gaudeaS,
916 723 1025 793 ejus
1053 726 1341 793 imperium
1370 724 1678 777 detrectare.

415 806 566 857 XIX.
653 807 819 858 Porro
851 824 964 858 eum
993 823 1142 857 nemo
1169 807 1278 859 sibi
1305 807 1476 859 solum
1504 812 1656 858 natus
1685 805 1766 868 sit,
1790 806 1882 859 sed
1903 807 2128 859 humano

293 887 474 960 generi
508 895 560 940 et
600 887 815 959 publicae
843 887 1088 941 utilitati:
1128 887 1248 939 hinc
1277 889 1443 940 oritur
1484 890 1648 941 tertia
1676 891 1921 957 parendi
1961 908 2130 943 neces-

290 972 430 1023 sitas
458 970 701 1041 praesenti
727 970 986 1040 potestati,
1018 988 1321 1040 quocunque
1347 970 1468 1040 jure
1496 970 1660 1041 ipsam
1691 971 1868 1041 adepti
1895 979 2016 1024 sunt
2045 971 2134 1041 qui

291 1070 466 1105 rerum
504 1053 785 1123 potiuntur.
866 1053 1021 1106 Unde
1060 1053 1214 1106 etiam
1250 1053 1422 1123 aliquo
1462 1054 1613 1106 modo
1653 1061 1888 1106 constare
1921 1055 2129 1124 poterit,

292 1135 407 1204 quis
445 1136 626 1193 modus
670 1135 735 1188 sit
767 1136 1085 1198 statuenduS,
1133 1143 1186 1188 et
1226 1136 1314 1205 qui
1352 1136 1493 1198 fines,
1533 1136 1606 1187 illi
1643 1138 1969 1199 obedientiae,
2016 1156 2132 1207 quae

292 1217 564 1287 imperium
612 1218 799 1288 injuste
849 1218 1145 1288 possidenti,
1206 1238 1268 1271 θα)
1315 1221 1648 1271 eonscientiae
1695 1221 1886 1281 debito,
1938 1238 1971 1272 a
2021 1220 2133 1273 cive

293 1300 589 1370 praestanda
618 1308 711 1356 est.
767 1301 1021 1371 Quicquid
1048 1300 1181 1353 enim
1198 1303 1334 1369 finis
1363 1303 1596 1370 alicujus
1622 1304 1814 1371 qratia
1843 1302 2133 1354 faciendum

295 1390 389 1445 est,
422 1390 633 1435 eatenus
669 1383 780 1435 fieri
810 1392 1029 1454 oportet,
1061 1384 1114 1435 in
1154 1392 1402 1453 quantum
1433 1386 1483 1437 ei
1504 1386 1613 1452 fini
1647 1387 2004 1454 consequendo
2045 1403 2134 1437 ne-

295 1466 569 1517 cessarium
596 1466 679 1517 vel
707 1465 833 1518 utile
862 1465 1136 1518 videbitur.
1209 1466 1383 1519 Civilis
1411 1474 1584 1518 autem
1613 1466 1891 1537 regiminis,
1924 1466 2134 1536 ejusque

294 1565 411 1616 quae
449 1547 546 1617 ipsi
585 1547 760 1599 debita
799 1555 878 1600 est
917 1547 1236 1609 obedientiae,
1281 1548 1396 1599 finis
1434 1555 1527 1610 est,
1569 1551 1818 1601 humanoe
1860 1551 2137 1602 societatis

293 1631 445 1682 salus
489 1640 539 1682 et
586 1631 976 1699 tranquillitas.
1066 1631 1129 1682 In
1174 1638 1422 1700 quantum
1465 1630 1626 1701 igitur
1668 1631 1802 1683 illius
1844 1634 2133 1694 societati8‚

294 1711 436 1781 cujus
463 1710 572 1781 ipse
598 1713 883 1764 membrum
914 1720 967 1765 et
1006 1730 1128 1782 pars
1156 1720 1249 1775 est,
1280 1714 1432 1766 salus
1461 1723 1511 1766 et
1548 1716 1927 1784 tranquillitas
1956 1714 2134 1786 exigit,

294 1801 507 1846 eatenus
550 1794 675 1847 civis
717 1795 1064 1865 unusquisque
1099 1795 1325 1865 imperiis
1370 1795 1494 1866 ejuS‚
1540 1796 1629 1865 qui
1667 1799 1730 1849 de
1753 1800 1916 1867 facto
1955 1797 2009 1850 in
2047 1797 2136 1850 illa.

293 1876 539 1929 societate
578 1895 790 1930 summae
822 1896 998 1930 rerum
1037 1885 1243 1948 praeest,
1285 1879 1645 1948 obtemperare
1689 1886 1912 1932 tenetur.
2002 1880 2136 1933 Sunt

293 1966 467 2011 autem
507 1963 886 2013 conservandis
928 1960 1166 2013 humanis
1201 1962 1548 2014 societatibus
1590 1961 1693 2013 tria
1732 1962 1843 2013 haec
1885 1961 2136 2031 imprimis

293 2042 611 2095 necessaria:
669 2042 701 2096 i.
755 2046 1013 2111 Defensio
1054 2045 1276 2112 patriae,
1319 2044 1569 2095 adversus
1616 2050 1886 2096 externam
1936 2044 2038 2097 vim
2084 2050 2138 2097 et

295 2123 519 2176 hostium
549 2132 775 2177 conatus,
831 2125 883 2177 ii.
913 2127 1341 2177 Administratio
1358 2127 1522 2193 juris,
1554 2132 1613 2178 ut
1642 2143 1736 2178 sua
1764 2126 1911 2179 bonis
1940 2125 2138 2179 civibus

296 2206 525 2275 praemia,
554 2206 798 2276 improbis
825 2207 1086 2276 supplicia,
1118 2214 1275 2277 prout
1306 2207 1505 2279 legibus
1539 2208 1818 2262 constituta
1855 2215 1989 2272 sunt,
2018 2209 2137 2262 red-

297 2287 519 2351 dantur3
564 2289 700 2359 quod
729 2291 973 2342 Justitiae
1002 2292 1366 2343 distributivae
1394 2309 1578 2343 munus
1609 2298 1702 2344 est.
1769 2291 1840 2346 iii.
1884 2292 2035 2355 Quod
2066 2291 2137 2345 ad

296 2372 587 2424 Justitiam
623 2374 1063 2425 commutativam
1090 2379 1303 2443 spectat,
1349 2374 1667 2426 Cominercii
1695 2393 1832 2427 cura
1860 2381 1914 2427 et
1942 2392 2138 2427 merca?

297 2458 431 2504 turae
450 2472 463 2517 ;
506 2454 571 2507 de
619 2455 774 2507 rebus
818 2455 1061 2518 emendiS,
1114 2456 1417 2518 vendundis,
1463 2457 1832 2527 permutandiS,
1883 2463 1937 2511 et
1987 2474 2137 2509 omne

297 2553 461 2606 genus
500 2536 863 2592 contractibuS.
949 2537 1049 2590 His
1093 2540 1266 2591 tribus
1304 2539 1459 2591 rebus
1501 2538 1576 2591 ita
1614 2539 1903 2592 continetur
1945 2539 2137 2592 incolu-

297 2617 450 2671 mitas
476 2619 687 2672 humani
716 2619 938 2692 generis,
965 2627 1026 2673 ut
1054 2619 1151 2672 nisi
1179 2619 1279 2674 ista
1307 2620 1494 2683 adsint,
1521 2620 1635 2673 fieri
1663 2639 1767 2673 non
1796 2628 1982 2691 potest,
2012 2622 2138 2692 quin

296 2700 532 2771 protinus
559 2720 763 2772 pessum
803 2709 924 2755 eant
951 2702 1219 2765 universa3
1262 2702 1432 2755 omnia
1468 2703 1678 2773 rapiniS,
1715 2704 1956 2767 caedibus,
1996 2703 2137 2756 frau-

296 2782 461 2847 dibus,
491 2783 691 2855 injuriis
720 2785 1051 2856 repleantur;
1095 2784 1623 2838 innocentissimorum
1651 2786 1836 2839 civium
1867 2786 1990 2847 vita,
2020 2805 2137 2838 con-

288 2864 458 2937 jugeS,
499 2866 736 2930 fortunae,
767 2869 1133 2938 potentiorum
1169 2867 1369 2921 libidini
1418 2869 1610 2938 praedae
1653 2869 1755 2921 sint
1798 2876 1852 2921 et
1893 2868 2135 2923 ludibrio,

299 2948 498 3010 Quibus
525 2949 672 3002 malis
700 2956 759 3002 ut
788 2949 991 3002 obviam
1029 2956 1194 3013 eatur,
1226 2950 1581 3020 malorumque
1616 2950 1904 3021 petulantia
1932 2957 2136 3002 mature

297 3037 624 3094 coerceatur3
667 3031 871 3086 unicum
913 3031 1199 3085 remedium
1250 3032 1365 3095 erit,
1410 3032 1452 3085 si
1495 3032 1616 3086 boni
1658 3033 1794 3086 cives
1832 3050 1980 3085 suum
2023 3049 2136 3085 esse

391 3225 460 3266 19.
521 3219 630 3264 And
665 3221 779 3265 such
815 3222 1096 3281 advantages
1130 3226 1315 3281 pertain
1362 3230 1412 3270 to
1444 3225 1526 3270 the
1557 3225 1730 3282 public,
1774 3238 1824 3267 as
1863 3224 1967 3267 well
2001 3237 2050 3268 as
2082 3227 2134 3268 to

298 3291 590 3334 individuals.
669 3291 832 3336 Hence
867 3293 949 3337 the
984 3295 1143 3351 public
1173 3296 1324 3354 safety
1353 3297 1446 3339 and
1477 3295 1769 3352 tranquillity
1802 3295 1987 3352 require
2025 3294 2135 3339 obe-

299 3362 492 3414 dience3
529 3361 622 3405 and
642 3376 710 3406 we
730 3367 855 3406 must
874 3378 965 3422 pay
983 3365 1022 3408 it
1047 3379 1097 3408 as
1128 3365 1204 3409 far
1239 3380 1288 3410 as
1322 3367 1454 3410 these
1489 3366 1647 3423 public
1675 3380 1900 3423 purposes
1930 3367 2131 3423 require.

301 3433 402 3476 The
436 3434 758 3477 conservation
797 3434 851 3477 of
880 3434 1055 3478 human
1099 3436 1275 3493 society
1315 3438 1522 3493 requires
1561 3437 1737 3493 mainly
1776 3436 1911 3480 three
1950 3437 2132 3495 things:

298 3503 381 3548 the
419 3504 630 3548 Defence
670 3505 724 3548 of
762 3504 844 3548 the
892 3506 1094 3559 Nation3
1152 3506 1234 3550 the
1275 3506 1662 3551 Administration
1707 3508 1762 3551 of
1793 3508 1998 3552 Justice:
2051 3509 2134 3553 the

299 3575 572 3619 Protection
603 3576 658 3620 of
684 3576 852 3621 Trade.
934 3576 984 3619 If
1016 3577 1147 3621 these
1182 3578 1339 3635 points
1378 3578 1438 3622 be
1476 3583 1561 3623 not
1599 3579 1807 3631 secured,
1844 3579 1979 3623 there
2008 3584 2135 3624 must

299 3644 360 3689 be
398 3651 527 3689 utter
559 3647 802 3691 confusion
831 3648 924 3691 and
957 3649 1078 3692 ruin.
1155 3648 1263 3691 And
1297 3650 1421 3706 good
1454 3650 1640 3696 citizens
1675 3654 1801 3696 must
1841 3651 1962 3708 obey
2000 3651 2135 3696 those

300 3716 364 3774 by
387 3716 540 3762 whom
563 3718 676 3778 they
700 3733 780 3764 are
804 3720 1053 3778 preserved
1077 3719 1199 3764 from
1224 3720 1339 3765 such
1369 3721 1494 3768 evils.

1779 3770 1966 3858 10-2
