2482 4166
847 258 1230 304 PRAELEOTIO
1271 258 1533 303 DECIMA.
1999 251 2099 302 301

265 398 435 448 essent
464 390 534 445 sic
571 388 900 461 intelligeret,
931 386 1077 458 quasi
1113 387 1381 439 militibus
1415 384 1578 437 solum
1618 391 1671 438 et
1699 387 1941 454 famulis
1986 405 2106 458 pro-

263 483 493 547 spectum
522 492 632 527 esse
658 472 865 534 vellent,
891 469 1034 523 nulla
1061 467 1268 522 interim
1291 468 1650 537 Imperatoris
1680 467 1767 537 qui
1787 468 2103 532 Exercitum,

262 558 403 611 nulla
421 555 898 625 Patris-familias
919 552 1008 623 qui
1035 550 1281 604 familiam
1298 549 1453 621 regit,
1482 548 1661 601 habita
1685 549 1903 605 ratione.
1952 552 2105 614 Quod

261 639 479 712 perinde
508 645 602 701 est,
633 656 692 691 ac
722 636 764 690 si
791 634 1198 689 valetudinarius
1232 651 1265 686 a
1302 631 1500 685 medico
1530 630 1839 694 admonitus,
1873 639 1933 685 ut
1975 636 2105 687 Cor-

259 725 412 793 poris
437 724 525 775 sui
553 738 728 774 curam
757 718 1021 789 aliquanto
1052 714 1428 789 diligentiorem
1466 714 1521 766 in
1558 720 1822 785 posterum
1851 714 2102 778 haberet3

252 816 443 877 pectus
480 815 529 858 et
564 822 732 857 crura
765 808 819 855 et
856 819 973 871 quae
1001 806 1118 871 post
1146 797 1395 852 cervicem
1433 803 1553 850 sunt
1590 798 1830 850 membra
1857 796 2106 867 inciperet

262 888 447 942 exinde
478 905 631 958 quam
661 883 1049 957 diligentissime
1077 881 1286 943 fovere3
1337 879 1461 949 quid
1490 878 1698 931 interim
1727 880 1914 950 Capiti
1940 880 2103 943 fieret,

261 971 443 1042 supine
471 987 713 1023 securus:
757 985 818 1020 eo
845 965 983 1037 quod
1012 963 1239 1017 medicus
1269 964 1522 1034 Corporis
1550 968 1752 1015 tantum
1774 962 2103 1026 meminisset,

260 1072 364 1106 non
391 1052 516 1105 item
542 1052 778 1121 Capitis.

389 1136 544 1190 XIII.
626 1132 828 1186 Accedo
863 1131 1033 1185 adhuc
1074 1131 1142 1185 ad
1181 1148 1292 1183 rem
1330 1128 1555 1201 propius,
1647 1129 1703 1183 Si
1742 1129 2103 1203 gregariorum

260 1219 398 1273 forte
439 1217 658 1270 militum
702 1217 858 1269 turba
890 1216 1120 1268 salutem
1161 1215 1455 1267 Exercitus
1491 1211 1722 1266 dicerent
1767 1232 1877 1266 esse
1921 1232 2105 1284 supre-

261 1321 410 1355 mam
439 1303 635 1371 Leqem
664 1301 962 1352 militarem
980 1317 1000 1359 ,·
1044 1315 1190 1351 suum
1226 1303 1400 1349 autem
1439 1298 1827 1365 Imperatorem
1864 1296 1996 1349 dura
2029 1296 2104 1349 ni-

262 1385 359 1437 mis
400 1402 494 1437 nec
537 1383 754 1436 ferenda
798 1380 1043 1434 militibus
1091 1380 1364 1451 imperare,
1410 1377 1485 1431 ita
1522 1385 1582 1431 ut
1620 1378 1901 1449 periculum
1945 1378 2011 1432 sit
2049 1378 2103 1431 ni

260 1476 464 1521 mature
499 1466 685 1538 jugum
724 1464 850 1517 collo
895 1462 1174 1526 excutiant,
1216 1462 1453 1515 amissam
1488 1461 1636 1514 brevi
1669 1461 1782 1515 fore
1811 1461 2103 1514 universam

260 1552 556 1604 Exercitus
583 1551 882 1602 libertatem
902 1567 919 1598 .·
961 1553 1118 1616 atque
1145 1564 1210 1598 ex
1235 1545 1333 1597 hoc
1368 1543 1618 1614 principio
1648 1544 1714 1597 de
1743 1544 1937 1597 tuenda
1965 1546 2025 1597 vi
2054 1554 2103 1597 et

262 1636 436 1687 armis
456 1633 713 1693 libertate,
736 1629 1002 1700 imperatis
1031 1647 1134 1681 non
1162 1626 1422 1689 faciendis„
1453 1626 1565 1696 ipso
1594 1626 1748 1679 etiam
1766 1629 2103 1696 Imperatore

260 1716 503 1779 tollend0,
547 1713 755 1767 consilia
798 1712 936 1765 inter
971 1730 1027 1764 se
1063 1709 1356 1783 agitarent;
1401 1709 1502 1763 Vel
1544 1708 1586 1761 si
1628 1711 1771 1763 servi
1809 1712 2100 1772 domestici,

261 1800 410 1870 (quos
460 1805 635 1852 tamen
676 1795 789 1849 vult
831 1793 1125 1865 Apostolus,
1173 1796 1203 1845 1
1232 1796 1357 1847 Pet.
1396 1791 1446 1844 ii.
1481 1794 1567 1855 18,
1614 1794 1760 1846 lteris
1801 1812 1907 1846 non
1952 1795 2101 1846 bortis

262 1893 475 1935 tantum
503 1892 553 1936 et
583 1881 765 1950 eequis,
796 1880 889 1932 sed
917 1880 1075 1931 duris
1104 1895 1307 1946 quoque
1341 1886 1390 1929 et
1428 1878 1653 1928 morosis
1690 1876 1922 1945 subjici,)
1965 1875 2103 1928 facta

259 1965 398 2018 inter
426 1983 480 2018 se
503 1961 871 2035 conjuratione,
901 1959 1086 2012 herilia
1108 1960 1253 2029 jussa
1282 1965 1342 2010 ut
1362 1957 1539 2026 iniqua
1563 1964 1880 2023 recusarent,
1912 1959 2100 2010 Iterum

258 2047 425 2118 ipsum
464 2054 524 2100 ut
559 2044 791 2116 asperius
821 2041 1169 2095 dominantem
1209 2040 1550 2093 exturbarent
1585 2058 1650 2092 ex
1685 2040 1898 2103 aedibus,
1930 2039 2101 2093 claves

260 2138 314 2183 et
341 2130 532 2183 loculos
562 2135 615 2182 et
632 2126 924 2181 universam
954 2123 1320 2195 supellectilem
1341 2129 1667 2193 occuparent,
1690 2129 1744 2176 et
1769 2141 1969 2175 omnem
1992 2142 2104 2176 rem

260 2214 605 2267 domesticam
642 2228 737 2281 pro
784 2226 877 2261 sua
918 2206 1128 2260 libidine
1171 2204 1626 2268 administrarent3
1673 2205 1772 2258 hoc
1818 2223 1919 2258 uno
1962 2223 2097 2276 prae-

258 2302 423 2358 textU,
473 2293 612 2365 quod
654 2292 721 2346 sit
764 2292 917 2345 salus
962 2290 1221 2342 Familiae
1267 2307 1520 2361 suprema
1562 2290 1680 2342 Lex
1729 2291 2098 2342 OEconomica.

263 2377 392 2441 Quis
420 2395 523 2430 non
558 2376 813 2429 fateretur
848 2371 1100 2426 scelerata
1141 2372 1229 2424 illa
1274 2378 1328 2424 et
1364 2370 1563 2423 nefaria
1603 2373 1850 2434 consilia,
1890 2389 1955 2423 ex
1988 2370 2101 2423 istis

250 2462 567 2530 principiis,
618 2460 755 2528 (quae
798 2474 937 2518 sane,
986 2473 1109 2507 sane
1153 2453 1429 2515 intellecta,
1479 2459 1532 2506 et
1581 2453 1847 2506 verissima
1884 2460 2004 2507 sunt
2047 2460 2101 2506 et

260 2542 566 2611 utilissima,)
606 2559 708 2594 non
746 2557 895 2611 posse
933 2537 1167 2609 legitima
1194 2536 1300 2589 ulla
1329 2535 1684 2589 consecutione
1710 2535 1941 2589 deduci?
2027 2537 2099 2589 Et

260 2631 438 2678 tamen
479 2643 582 2677 non
621 2630 700 2676 est
743 2640 898 2675 ovum
941 2639 1035 2673 ovo
1077 2619 1304 2681 similius,
1346 2636 1501 2688 quam
1539 2619 1657 2671 huic
1700 2618 2102 2690 argumentandi

261 2707 443 2779 generi
475 2725 653 2760 eorum
689 2703 952 2758 hominum
994 2701 1335 2764 ratiocinatiO,
1373 2701 1462 2771 qui
1504 2700 1840 2755 seditionibus
1869 2700 2102 2754 civilibus

356 2902 426 2943 13.
490 2898 577 2943 We
613 2899 706 2942 will
743 2901 885 2959 apply
913 2901 1006 2945 this
1043 2914 1173 2946 more
1204 2900 1403 2958 closely:
1439 2899 1651 2957 Suppose
1687 2897 1792 2942 that
1822 2912 1850 2941 a
1885 2901 2023 2956 party
2053 2898 2109 2942 of

263 2983 480 3014 common
517 2971 710 3015 soldiers
749 2972 917 3016 should
956 2987 1037 3031 say
1071 2973 1175 3016 that
1211 2972 1293 3016 the
1325 2971 1487 3028 Safety
1521 2971 1575 3014 of
1604 2968 1686 3013 the
1710 2968 1856 3027 Army
1892 2983 1982 3012 was
2019 2969 2102 3014 the

265 3041 492 3099 Supreme
512 3042 722 3100 Military
746 3044 871 3097 Law,
903 3044 996 3086 and
1020 3044 1125 3087 that
1154 3043 1278 3087 their
1304 3042 1507 3086 Genera]
1530 3054 1622 3084 was
1647 3053 1697 3084 so
1730 3053 1901 3091 severe,
1932 3039 2036 3083 that
2065 3041 2109 3084 if

262 3111 376 3169 they
396 3113 477 3154 did
501 3117 586 3156 not
610 3113 819 3171 speedily
848 3115 1045 3171 mutiny,
1073 3113 1155 3157 the
1179 3113 1351 3169 liberty
1376 3112 1431 3156 of
1454 3111 1536 3155 the
1566 3125 1698 3169 army
1722 3111 1873 3154 would
1898 3111 1957 3154 be
1982 3111 2101 3165 lost3

263 3182 359 3225 and
378 3182 547 3226 should
568 3196 630 3226 on
648 3183 740 3226 this
765 3184 1008 3241 principle,
1026 3185 1127 3241 plot
1151 3183 1368 3241 together
1391 3187 1441 3226 to
1467 3182 1641 3226 defend
1660 3182 1784 3225 their
1802 3182 1972 3239 liberty
1991 3183 2103 3226 with

263 3253 393 3297 force
418 3253 512 3296 and
545 3267 682 3303 arms,
709 3258 759 3297 to
785 3255 978 3312 disobey
1002 3254 1176 3305 orders,
1204 3255 1298 3298 and
1316 3258 1367 3297 to
1391 3267 1579 3298 remove
1599 3253 1681 3297 the
1708 3253 1936 3296 General:
1974 3253 2040 3297 Or
2064 3254 2108 3297 if

263 3324 347 3368 the
366 3328 573 3369 servants
600 3324 654 3368 of
673 3339 701 3368 a
718 3325 881 3383 family
905 3326 1340 3383 (notwithstanding
1358 3324 1482 3369 what
1505 3326 1559 3369 St
1571 3326 1714 3369 Peter
1737 3337 1854 3382 says,
1881 3329 1903 3367 1
1923 3325 2027 3369 Pet.
2050 3326 2098 3370 ii.

267 3394 345 3449 18)
370 3396 537 3440 should
563 3397 775 3454 conspire
801 3397 1018 3453 together
1037 3402 1087 3440 to
1112 3397 1267 3441 refuse
1291 3396 1415 3441 their
1435 3395 1643 3440 master’s
1664 3396 1931 3439 commands
1951 3409 2000 3439 as
2021 3400 2104 3441 too

265 3466 398 3519 hard,
428 3467 597 3512 should
626 3471 736 3511 turn
760 3467 859 3510 him
884 3472 966 3511 out
997 3467 1052 3511 of
1082 3467 1163 3512 the
1193 3468 1352 3518 house,
1388 3467 1482 3510 and
1506 3467 1615 3510 take
1645 3467 1905 3524 possession
1936 3467 1990 3510 of
2020 3468 2103 3512 the

265 3538 395 3596 keys,
423 3539 697 3597 cupboards,
720 3539 813 3582 and
833 3539 1066 3583 furniture
1086 3539 1161 3583 for
1180 3538 1470 3590 themselves,
1498 3552 1560 3582 on
1579 3538 1660 3582 the
1684 3542 1869 3595 pretext
1892 3538 1996 3582 that
2019 3539 2104 3584 the

270 3609 433 3667 Safety
459 3610 513 3653 of
536 3609 617 3654 the
647 3611 828 3668 Family
853 3611 891 3654 is
922 3609 1003 3655 the
1031 3610 1259 3668 Supreme
1277 3609 1516 3654 Domestic
1534 3609 1678 3653 Rule:
1712 3609 1815 3653 who
1840 3610 1994 3654 would
2018 3616 2103 3655 not

269 3680 451 3724 confess
476 3680 580 3724 that
604 3680 685 3725 the
715 3682 958 3739 principle,
982 3681 1161 3739 though
1181 3681 1306 3739 right
1326 3681 1419 3725 and
1438 3681 1560 3739 good
1580 3681 1630 3723 in
1654 3680 1793 3731 itself‚
1816 3695 1906 3725 was
1925 3682 2103 3740 grossly

270 3751 545 3809 misapplied
569 3752 620 3795 in
643 3751 776 3797 these
801 3753 960 3798 cases?
1008 3753 1115 3797 And
1135 3757 1214 3812 yet
1234 3752 1326 3798 this
1344 3753 1382 3797 is
1404 3753 1586 3810 exactly
1606 3751 1729 3796 what
1748 3766 1858 3797 men
1878 3753 1953 3806 do,
1969 3753 2104 3798 when
