2482 4166
420 246 491 297 30
807 252 893 296 DE
935 252 1132 295 DEFIN
1136 252 1316 296 ITION
1319 252 1357 294 E
1402 250 1864 295 CONSCIENTIAE.

545 382 774 435 XXVII.
847 381 977 433 Dico
1007 391 1217 451 quarto,
1250 379 1657 450 Applicationem
1695 379 1829 431 hanc
1857 377 1969 430 fieri
2010 383 2251 448 oportere

423 467 501 517 ad
523 475 677 518 actus
696 465 1085 534 particulares,
1146 462 1210 515 Id
1234 463 1371 532 quod
1391 464 1563 515 tribus
1585 460 1788 513 omnino
1811 463 1984 514 modis
2003 460 2114 512 fieri
2135 478 2252 512 con-

421 547 591 620 tingit.
647 547 884 617 Applicat
902 545 1036 598 enim
1058 544 1379 598 Conscientia
1397 546 1596 596 Lumen
1617 543 1802 596 mentis
1819 543 1956 612 quod
1973 542 2069 595 sibi
2084 543 2249 603 adest,

422 630 507 682 vel
541 630 609 682 ad
632 631 816 698 facta,
848 628 933 681 vel
960 628 1028 680 ad
1040 629 1328 697 facienda.
1392 626 1483 678 Ad
1511 626 1662 688 facta,
1694 625 1996 695 dupliciter:
2035 627 2248 686 Primo,
2275 632 2298 674 1

422 712 636 765 ferendo
669 712 1026 765 testimonium
1053 710 1150 761 hoc
1176 728 1208 761 a
1236 708 1382 761 nobis
1401 710 1623 778 factum
1654 725 1763 759 esse
1795 707 1876 758 vel
1901 725 2007 759 non
2028 709 2253 776 factum

424 813 566 847 esse:
613 793 790 864 quales
817 800 937 846 sunt
964 792 1076 845 istae
1095 793 1383 844 Rhetorum
1412 790 1661 851 formulae,
1692 789 1745 841 in
1765 791 2049 859 qucestione
2068 791 2250 850 Facti,

431 879 758 930 Occidistine
785 887 1027 936 matrem,
1059 877 1265 927 Orestes
1287 875 1314 926 ,Ρ
1371 872 1694 926 Conscientia
1721 872 2014 941 respondet,
2043 873 2249 924 Occidi.

401 960 684 1024 'Secunda
708 958 921 1011 ferendo
939 959 1230 1026 judicium,
1259 956 1397 1026 quod
1418 956 1608 1008 factum
1638 961 1716 1007 est
1745 954 1828 1007 vel
1851 953 2105 1016 omissum,
2133 955 2254 1007 bene
2274 964 2303 1005 2

424 1040 491 1094 sit
519 1059 587 1093 an
615 1042 1009 1109 malefactum,
1049 1046 1257 1092 rectene
1292 1038 1358 1091 sit
1392 1056 1461 1090 an
1488 1055 1762 1108 perperam
1792 1038 2043 1089 omissum
2059 1057 2078 1097 ,·
2118 1043 2177 1088 ut
2201 1035 2253 1087 in

425 1125 712 1192 quaestione
737 1124 896 1174 Juris
920 1121 1060 1190 apud
1082 1122 1357 1182 Rhetores‚
1388 1120 1476 1172 ubi
1505 1120 1570 1172 de
1592 1119 1726 1172 facto
1750 1126 1962 1171 constat.
2017 1121 2255 1172 Occidis-

427 1207 537 1257 tine
568 1206 820 1258 Clodium
847 1205 988 1256 Milo
1006 1204 1035 1255 ,Ρ
1086 1205 1291 1255 Occidi.
1348 1200 1552 1254 Fateris
1579 1198 1704 1272 ergo
1734 1208 1786 1254 te
1812 1208 2009 1253 sontem
2028 1201 2056 1253 ?
2119 1204 2256 1254 Jure

426 1289 619 1340 occidi.
705 1288 769 1338 In
797 1288 990 1356 prima
1018 1286 1385 1355 applicatione
1412 1283 1645 1353 procedit
1677 1282 1999 1335 Conscientia
2026 1300 2121 1353 per
2150 1301 2257 1334 mo·-

427 1370 550 1422 dum
588 1372 764 1422 Testis
784 1389 801 1421 ι
844 1368 897 1421 in
918 1370 1167 1429 secunda,
1199 1385 1294 1437 per
1320 1367 1527 1417 modum
1556 1367 1792 1419 Judicis.
1881 1365 2060 1418 Officia
2084 1372 2257 1418 autem

427 1459 480 1505 et
510 1463 665 1505 actus
694 1451 803 1522 ejus
841 1458 975 1512 sunt,
1008 1453 1068 1503 in
1086 1453 1272 1519 primo
1290 1468 1548 1518 processu
1574 1447 1920 1501 testimonium
1945 1448 2255 1518 perhibere:

426 1536 487 1587 in
522 1536 749 1587 secundo
778 1552 1028 1603 processu
1075 1550 1314 1604 arguere,
1355 1549 1609 1592 accusare,
1655 1548 1915 1593 excusare,
1960 1530 2254 1591 defendere,

428 1617 783 1680 condemnare,
814 1615 1097 1668 absolvere.
1187 1614 1342 1666 Unde
1367 1614 1602 1665 oriuntur
1637 1631 1793 1682 porro
1836 1612 1890 1664 in
1927 1613 2097 1665 anima
2126 1612 2259 1665 varii

429 1699 670 1752 effectus:
716 1718 749 1751 a
777 1700 1145 1766 redaryuente,
1177 1707 1479 1757 accusante,
1512 1698 1890 1748 condemnante
1915 1697 2258 1749 Conscientia

429 1800 626 1834 summa
653 1781 811 1834 animi
841 1782 1075 1834 tristitia
1113 1786 1166 1832 et
1201 1778 1516 1848 inquietudO,
1548 1796 1823 1840 remorsus,
1866 1784 2109 1840 terroreS,
2152 1786 2258 1831 tor-

428 1870 634 1926 menta3
676 1882 706 1916 e
734 1870 913 1916 contra
938 1863 1004 1915 ab
1029 1872 1325 1923 eoecusante,
1370 1862 1676 1930 defendente
1704 1871 1753 1913 et
1782 1862 2092 1923 absolvente,
2124 1879 2259 1912 sum-

428 1964 515 1998 ma
541 1945 697 1998 animi
722 1965 843 2016 paoe
875 1952 928 1998 et
955 1944 1314 2013 tranquillitas,
1342 1945 1608 2013 qaudium
1635 1949 1687 1995 et
1721 1943 1953 1996 solatium
1985 1943 2256 2006 ineffabile,

428 2048 548 2097 spes
568 2038 787 2090 arrecta,
803 2029 1019 2096 fiducia
1039 2026 1313 2095 intrepida,
1337 2033 1391 2078 et
1411 2025 1709 2077 inconcussa
1729 2026 1913 2079 mentis
1936 2028 2257 2079 constantia.

437 2113 629 2163 Tertia
657 2112 1007 2164 Conscientioe
1049 2110 1351 2177 applicatio
1404 2107 1612 2177 respicit
1636 2110 1849 2176 futura
1889 2108 2154 2170 facienda3
2208 2108 2261 2160 in
2282 2124 2313 2165 3

429 2211 533 2263 qua
574 2193 808 2264 procedit
842 2193 1186 2246 Conscientia
1224 2208 1318 2261 per
1355 2189 1563 2241 modum
1590 2191 1969 2258 Leyislatoris,
2010 2192 2262 2261 Praecep-

521 2384 591 2429 27.
655 2384 713 2427 In
741 2384 823 2428 the
857 2384 1019 2429 fourth
1052 2386 1198 2443 place,
1225 2386 1318 2430 this
1353 2386 1638 2444 application
1671 2389 1798 2429 must
1830 2384 1891 2428 be
1922 2383 2060 2428 made
2091 2381 2183 2441 (Θ)
2220 2391 2262 2427 to

423 2455 685 2513 particular
708 2454 830 2500 Acts.
894 2457 1001 2499 And
1021 2457 1128 2509 this,
1153 2458 1203 2500 in
1228 2458 1361 2501 three
1387 2471 1532 2515 ways:

521 2527 658 2578 First,
690 2531 740 2570 to
773 2527 896 2570 what
916 2528 954 2571 is
985 2528 1121 2579 done,
1147 2542 1197 2572 as
1222 2530 1487 2586 testimony.
1551 2528 1663 2571 This
1689 2528 1727 2571 is
1753 2542 1781 2570 a
1805 2527 2020 2584 question
2052 2527 2107 2570 of
2126 2527 2257 2570 Fact.

429 2596 458 2617 “
475 2596 676 2649 Orestes,
700 2597 781 2640 did
804 2612 898 2656 you
927 2598 1026 2657 slay
1060 2613 1179 2656 your
1202 2599 1451 2643 mother?”
1516 2599 1798 2642 Conscience
1830 2611 2042 2650 answers,
2068 2597 2131 2641 “I
2155 2598 2264 2642 slew

426 2666 559 2711 her.”

524 2738 721 2790 Second,
746 2743 796 2782 to
826 2739 948 2783 what
968 2741 1006 2784 is
1040 2741 1175 2792 done,
1209 2754 1258 2784 as
1288 2740 1414 2798 right
1452 2753 1506 2783 or
1534 2753 1705 2796 wrong.
1769 2739 1880 2782 This
1912 2740 1951 2782 is
1984 2753 2012 2782 a
2047 2740 2262 2795 question

431 2808 486 2853 of
515 2808 676 2866 Right.
735 2810 763 2830 “
777 2809 908 2862 Milo,
944 2811 1024 2854 did
1059 2826 1151 2869 you
1186 2812 1284 2869 slay
1317 2811 1506 2855 Clodius
1522 2810 1573 2853 ?'’
1626 2811 1691 2854 “I
1727 2810 1836 2854 slew
1870 2809 2012 2855 him.’'
2067 2811 2143 2854 Do
2168 2825 2261 2869 you

430 2878 545 2924 then
566 2880 747 2924 confess
767 2882 979 2938 yourself
993 2883 1173 2940 guilty?
1230 2882 1257 2903 “
1270 2883 1294 2925 I
1319 2883 1427 2927 slew
1446 2882 1545 2925 him
1564 2880 1850 2938 rightfully.”

521 2951 663 3004 Thus,
688 2952 738 2994 in
762 2951 843 2996 the
863 2953 964 2997 first
983 2967 1181 3011 process,
1205 2953 1485 2997 Conscience
1510 2953 1644 2996 bears
1663 2952 1879 3003 Witness,
1899 2952 1949 2994 in
1974 2951 2055 2995 the
2075 2953 2261 3004 second,

423 3022 468 3084 >it
487 3031 687 3075 accuses,
708 3037 908 3075 excuses,
928 3025 1137 3077 defends,
1163 3026 1379 3077 convicts,
1406 3024 1670 3075 condemns,
1693 3023 1915 3067 absolves.
1986 3022 2093 3065 And
2112 3023 2261 3067 hence

429 3094 550 3138 arise
583 3095 765 3138 various
805 3095 963 3139 effects
995 3097 1046 3139 in
1076 3096 1158 3140 the
1195 3097 1350 3148 mind;
1395 3095 1677 3139 Conscience
1717 3094 1947 3151 accusing,
1986 3094 2262 3151 convicting,

430 3165 754 3223 condemning‚
784 3167 1012 3223 produces
1046 3168 1172 3225 grief
1191 3168 1283 3210 and
1314 3167 1515 3218 trouble,
1545 3179 1765 3218 remorse,
1798 3170 1996 3216 terrour‚
2031 3169 2261 3216 torment;

430 3237 663 3294 excusing,
689 3237 954 3295 defenffing,
979 3238 1231 3296 absolving,
1250 3240 1289 3282 it
1308 3238 1537 3296 produces
1564 3250 1708 3294 peace
1733 3237 1827 3280 and
1851 3236 2156 3296 tranquillity,
2178 3237 2263 3294 Joy

429 3308 524 3351 and
549 3309 849 3361 consolation,
873 3309 1010 3368 hope,
1035 3310 1304 3354 confidence
1325 3310 1418 3353 and
1442 3313 1705 3366 constanoy.

523 3379 684 3431 Third,
706 3380 788 3424 the
808 3382 1092 3439 application
1113 3382 1168 3425 os
1190 3381 1470 3425 Conscience
1491 3380 1680 3438 regards
1701 3379 1859 3423 future
1879 3383 1992 3430 acts,
2013 3377 2109 3421 still
2133 3381 2182 3420 to
2203 3376 2263 3421 be

431 3449 579 3493 done:
612 3451 662 3494 in
686 3451 818 3496 these
840 3467 967 3497 cases
994 3454 1275 3497 Conscience
1308 3452 1533 3510 proceeds
1569 3452 1619 3494 in
1651 3450 1733 3494 the
1763 3461 1958 3493 manner
1982 3448 2037 3491 of
2057 3447 2262 3504 Legisla-

429 3524 518 3572 tor,
536 3522 808 3580 Preceptor,
835 3525 1057 3577 Monitor,
1085 3525 1369 3568 Counseller.
1434 3524 1492 3567 In
1523 3522 1616 3566 this
1649 3533 1849 3579 process,
1878 3519 1938 3563 its
1970 3522 2068 3562 acts
2100 3531 2180 3561 are
2212 3522 2261 3562 to

432 3590 618 3644 dictate,
640 3594 807 3650 oblige,
831 3596 1062 3653 instigate,
1081 3596 1320 3639 withhold.

525 3662 675 3706 These
696 3678 775 3708 are
796 3666 877 3710 the
900 3668 1128 3725 principal
1147 3667 1258 3711 Acts
1284 3667 1339 3711 of
1356 3665 1635 3710 Conscience
1648 3678 1661 3714 ;
1699 3660 1793 3705 and
1819 3660 1880 3704 he
1900 3659 2003 3703 who
2028 3660 2190 3704 listens
2211 3664 2261 3704 to

430 3729 547 3774 hear
579 3732 712 3776 when
743 3734 825 3778 she
862 3738 1072 3782 counsels
1107 3737 1282 3797 rightly
1314 3737 1407 3780 will
1437 3742 1522 3780 not
1552 3734 1670 3778 have
1705 3737 1754 3777 to
1781 3732 1882 3776 sear
1913 3731 2000 3775 her
2032 3731 2182 3775 either
2211 3745 2261 3775 as

431 3802 633 3847 Witness
654 3817 707 3847 or
731 3818 779 3848 as
799 3806 831 3848 J
833 3807 966 3862 udge.
