2482 4166
0 2731 14 2804 {f

819 275 1212 326 PRAELEOTIO‘
1241 281 1503 327 DECIMA.
1663 278 1666 279 ’
1975 277 2081 331 305

241 415 500 487 cujusdam
522 398 812 484 potestatis
839 410 1048 465 relictus
1075 409 1240 464 locus:
1269 410 1466 463 nullum
1497 411 1598 464 erit
1625 412 1882 483 reliquum
1912 434 2078 471 reme-

244 499 383 552 dium
423 496 548 550 satis
593 496 785 558 efficaX,
832 512 934 565 quo
986 492 1299 565 periclitanti
1341 495 1549 564 patrice
1606 494 1976 561 subveniatur3
2024 507 2079 553 et

233 581 471 652 publicae
516 580 689 636 saluti
737 577 1049 631 consulatur.
1140 576 1260 629 Hoc
1309 582 1403 639 est,
1454 576 1592 646 quod
1640 576 1738 629 viri
1793 579 2075 648 prudentes

241 681 445 734 semper
487 666 796 724 statuerunt,
842 667 895 714 et
935 659 1069 713 ratio
1113 659 1267 712 etiam
1311 658 1510 721 suadet,
1559 660 1852 729 AEquitati
1897 662 2081 716 cedere

242 746 433 799 debere
476 744 564 798 ubi
604 743 768 816 exigit
810 742 1102 808 necessitaS‚
1142 744 1436 796 Justitiam
1474 743 1731 811 Leyalem
1753 763 1770 794 .·
1815 761 1973 813 quum
2015 745 2082 799 sit

244 830 474 899 aequitas
516 827 643 880 nihil
681 826 836 889 aliud,
879 826 1080 895 (eodem
1106 826 1392 879 Aristotele
1431 824 1740 894 definitore,)
1779 844 1933 896 quam
1969 831 2084 883 qvo-

242 913 406 976 μὶμου
441 905 637 966 δικαίου
678 906 1048 985 ἐπανόρθωμα,
1079 909 1410 961 Emendatio
1439 906 1630 960 scilicet
1665 908 1775 962 sive
1810 910 2079 965 Correctio

229 996 466 1064 justitiae
507 994 712 1062 leqalis‘,
757 992 841 1045 vel
883 991 1040 1044 etiam
1074 989 1233 1061 ipsius
1271 991 1437 1061 Le9is
1483 991 1563 1058 (ut
1604 990 1714 1062 ipse
1754 1010 1897 1045 suam
1943 993 2084 1046 illam

244 1076 590 1130 definitionem
623 1093 743 1127 mox
778 1073 1021 1144 explicat)
1055 1069 1415 1149 ἐπανόρθωμα
1457 1069 1613 1139 νόμου
1653 1068 1684 1155 ᾗ
1713 1071 1965 1131 ἐλλείπει
1996 1071 2081 1131 dcci

244 1158 314 1215 τό
340 1156 590 1221 καθόλου,
619 1157 905 1229 supplendo
924 1156 1034 1226 ejus
1063 1159 1326 1226 desectum
1354 1156 1407 1209 in
1437 1156 1637 1209 casibus
1666 1158 2078 1228 particularibuS,

242 1242 298 1295 in
326 1243 509 1313 quibus
537 1242 702 1312 ipsam
731 1247 823 1293 aut
851 1258 883 1293 a
910 1241 1163 1301 Justitia,
1194 1246 1286 1293 aut
1316 1241 1381 1293 ab
1417 1241 1658 1293 utilitate
1686 1243 1927 1310 publica,
1959 1242 2083 1295 defi-

149 1362 151 1365 <
242 1344 359 1379 cere
389 1323 640 1396 contingit
670 1324 735 1377 ob
765 1323 973 1375 nimiam
999 1324 1424 1392 yeneralitatem.
1511 1323 1679 1395 Leges
1709 1324 1843 1376 enim
1873 1344 2081 1378 necesse

244 1414 324 1462 est
346 1407 586 1461 constitui
613 1408 965 1477 Tyeneraliter
993 1424 1088 1476 per
1116 1412 1408 1476 respectum
1437 1406 1504 1458 ad
1535 1424 1597 1458 ea
1634 1424 1750 1476 quae
1787 1409 2083 1480 plerunque

243 1491 357 1544 fieri
396 1491 593 1552 solent3
639 1509 743 1543 non
779 1497 953 1542 autem
989 1489 1060 1541 ad
1103 1488 1274 1541 omnia
1304 1507 1365 1542 ea
1392 1507 1508 1559 quae
1535 1490 1837 1562 contingere
1866 1498 2082 1561 possunt

243 1574 297 1627 in
316 1574 697 1645 particulari:
741 1591 960 1643 quorum
1003 1571 1258 1624 nonnullis
1299 1571 1343 1624 si
1381 1572 1559 1624 stricte
1603 1578 1656 1625 et
1695 1590 1760 1624 ex
1803 1574 2082 1626 verborum

243 1656 530 1728 prescripto
552 1655 1001 1708 accommodentur
1022 1656 1208 1722 Leyes,
1233 1653 1454 1706 deficere
1477 1671 1565 1706 eas
1586 1672 1792 1706 necesse
1812 1663 1891 1708 est
1910 1656 2082 1719 etiam,

243 1746 336 1793 aut
387 1757 421 1792 a
475 1740 711 1792 Justitia
767 1735 964 1800 morali,
1019 1743 1111 1790 aut
1153 1736 1220 1789 ab
1267 1738 1509 1789 utilitate
1554 1739 1836 1799 communi,
1884 1745 1976 1792 aut
2016 1740 2084 1792 ab

244 1828 481 1892 utraque.

370 1905 547 1959 XVII.
636 1905 752 1956 Hoc
793 1902 954 1975 igitur
983 1902 1164 1973 posit0,
1193 1901 1457 1972 postulare
1485 1906 1713 1957 salutem
1742 1907 1956 1974 populi,
1987 1905 2085 1957 hoc

246 1995 342 2051 est,
369 1987 626 2058 publicam
655 1986 947 2050 utilitatem,
979 1994 1037 2038 ut
1066 1985 1133 2037 sit
1169 1984 1223 2036 in
1267 1984 1553 2054 Republica
1590 1987 1868 2040 auctoritas
1910 1988 2086 2057 aliqua

246 2073 483 2142 Leyibus
529 2071 788 2140 superior,
841 2085 958 2137 quae
1003 2085 1180 2120 earum
1231 2069 1466 2136 defectus
1522 2069 1790 2139 suppleat:
1848 2077 1901 2122 et
1956 2070 2085 2123 illud

244 2155 402 2207 etiam
435 2151 723 2206 necessario
752 2149 1096 2220 consequitur,
1142 2149 1281 2219 quod
1314 2148 1451 2202 idem
1478 2151 1790 2206 Aristoteles
1818 2155 1906 2206 Sin
1938 2154 2088 2205 Poli-

247 2239 372 2290 ticis
399 2235 599 2298 asserit,
630 2251 924 2304 supremam
954 2233 1086 2285 hanc
1116 2233 1495 2285 auctoritatem
1523 2252 1626 2286 non
1652 2253 1801 2306 posse
1830 2235 1898 2288 ad
1930 2235 2088 2288 alium

246 2318 539 2389 quempiam
589 2316 852 2387 pertinere
890 2333 1045 2386 quam
1083 2315 1150 2368 ad
1186 2314 1354 2385 ipsum
1398 2311 1499 2370 τὸν
1541 2311 1799 2394 ἄρχοντα
1852 2319 1950 2372 hoc
1991 2324 2084 2381 est,

245 2420 362 2455 eum
395 2401 482 2473 qui
511 2400 608 2454 toti
642 2397 991 2452 communitati
1021 2417 1140 2451 cum
1167 2416 1369 2451 summo
1399 2400 1624 2468 imperio
1642 2412 1860 2470 praeest,

572 2491 680 2541 “90
717 2497 816 2541 λαοί
845 2496 881 2541 τ’
909 2496 1258 2556 ἐπιτετράφαται,
1298 2496 1365 2540 καὶ
1402 2497 1547 2541 τόσσα
1576 2498 1753 2556 μέμηλε,

296 2679 315 2705 q
343 2671 493 2720 [Ethic.
513 2670 601 2707 Nic.
621 2670 708 2707 Lib.
730 2681 774 2708 v.
794 2683 882 2721 cap.
901 2671 982 2720 14.]
1215 2671 1440 2720 [Politicor.
1475 2669 1563 2706 Lib.
1591 2677 1657 2705 111.
1697 2678 1786 2714 cap.
1818 2677 1858 2703 x.
1895 2665 1918 2714 g
1955 2666 1991 2711 4,
2027 2664 2089 2702 ed.

298 2740 314 2759 ¹·
341 2732 539 2782 [Δοκοῦσι
581 2731 650 2781 δή]
696 2734 750 2770 ’τὸ
790 2734 968 2771 καθόλου
1006 2734 1133 2783 μόνον
1214 2733 1367 2783 Stahr.]

247 2795 391 2844 λέγειν
429 2795 467 2832 οἱ
512 2795 642 2843 νόμοι,
685 2796 784 2833 ἀλλ’
827 2799 872 2834 οὐ
921 2798 1028 2845 πρὸς
1076 2795 1135 2834 τά
1262 2805 1276 2825 ⁸
1301 2798 1390 2835 Lib.
1410 2808 1477 2833 111.
1500 2797 1607 2834 Sect.
1628 2798 1665 2834 2.

246 2856 582 2904 προσπίπτοντα
622 2857 908 2907 ἑπιτάττειν].
959 2858 1132 2896 Aristot.
1263 2861 1275 2887 ⁸
1302 2860 1467 2898 Homer.
1487 2859 1602 2895 Iliad.
1620 2858 1675 2906 β’.
1698 2858 1755 2906 [v.
1775 2857 1856 2906 25.]

247 2985 381 3030 these
417 2999 544 3029 cases
579 2985 713 3030 there
745 2986 838 3030 will
870 2987 931 3032 be
956 3002 1017 3032 no
1049 2988 1242 3047 remedy
1266 2988 1308 3032 if
1333 2988 1467 3032 there
1500 2987 1561 3031 be
1594 2990 1678 3030 not
1703 2998 1831 3029 some
1861 2983 2093 3041 arbitr-ary

248 3071 406 3115 power
429 3056 581 3100 which
600 3071 688 3101 can
712 3063 838 3102 meet
858 3059 939 3103 the
966 3060 1142 3117 danger
1166 3060 1259 3103 and
1281 3060 1430 3103 direct
1454 3059 1514 3102 its
1540 3058 1717 3101 actions
1738 3056 1802 3113 by
1825 3055 1906 3099 the
1932 3055 2092 3112 public

249 3128 414 3185 safety.
475 3128 584 3171 Just
616 3142 667 3171 as
691 3129 865 3187 Equity
889 3130 927 3173 is
961 3144 990 3173 a
1020 3131 1214 3188 remedy
1241 3130 1295 3174 of
1319 3129 1401 3173 the
1427 3130 1605 3173 defects
1638 3128 1693 3171 of
1719 3126 1865 3183 Legal
1896 3126 2091 3176 Justice,

249 3198 385 3242 when
419 3198 457 3241 it
496 3198 602 3241 fails
638 3198 688 3240 in
725 3212 1045 3257 consequence
1082 3200 1137 3244 of
1166 3201 1248 3245 the
1285 3201 1546 3258 generality
1577 3199 1632 3243 of
1662 3198 1785 3255 legal
1820 3198 2089 3254 Language.

250 3271 383 3313 Laws
408 3273 532 3312 must
552 3268 612 3312 be
633 3271 880 3326 expressed
905 3271 953 3314 in
978 3272 1169 3329 general
1199 3277 1357 3324 terms,
1382 3272 1475 3315 and
1500 3272 1650 3315 hence
1675 3273 1800 3313 must
1826 3269 2093 3313 sometimes

250 3341 311 3385 be
342 3340 622 3384 insufficient
646 3340 723 3384 for
749 3341 832 3385 the
865 3356 1104 3400 purposes,
1130 3343 1245 3387 both
1272 3344 1326 3387 of
1345 3343 1499 3387 Moral
1522 3344 1553 3387 J
1555 3342 1714 3392 ustice‚
1736 3340 1827 3383 and
1850 3339 1905 3383 of
1928 3339 2095 3382 Public

250 3413 437 3470 Utility.
500 3412 590 3456 See
611 3412 693 3456 the
713 3426 928 3471 passages
952 3414 1075 3458 from
1099 3414 1322 3459 Aristotle
1344 3413 1458 3468 [and
1478 3414 1624 3457 Elem.
1648 3413 1820 3455 Moral.
1841 3410 1942 3455 Art.
1967 3408 2091 3465 406].

347 3489 417 3529 17.
482 3483 645 3528 Hence
675 3483 809 3528 there
840 3490 965 3529 must
1000 3485 1060 3530 be
1090 3500 1151 3529 an
1175 3486 1426 3543 Authority
1457 3485 1668 3542 superior
1697 3487 1747 3527 to
1777 3482 1859 3526 the
1888 3483 2014 3533 Law,
2044 3486 2095 3525 to

252 3555 446 3613 remedy
476 3555 591 3599 such
616 3555 808 3609 defects,
836 3557 930 3600 and
954 3556 1045 3601 this
1072 3557 1310 3616 authority
1337 3561 1462 3601 must
1492 3556 1553 3600 be
1578 3554 1739 3600 vested
1763 3555 1813 3597 in
1844 3553 1926 3598 the
1954 3554 2095 3598 Sove-

253 3627 402 3684 reign,
422 3626 633 3671 whether
652 3627 713 3671 he
733 3628 793 3673 be
819 3642 908 3673 one
934 3642 987 3673 or
1011 3643 1153 3673 more.

345 3698 442 3740 But
477 3696 570 3741 this
605 3698 716 3743 does
750 3705 835 3744 not
874 3700 1111 3745 authorize
1150 3700 1232 3745 the
1267 3701 1481 3757 Subjects
1513 3703 1564 3743 to
1603 3698 1803 3756 trample
1839 3697 1974 3741 down
2013 3695 2095 3740 the

255 3768 495 3826 authority
513 3768 630 3813 both
655 3769 710 3815 of
730 3772 863 3818 Laws
884 3772 978 3817 and
998 3772 1053 3817 of
1072 3772 1234 3832 Kings‚
1258 3786 1320 3818 on
1349 3772 1430 3817 the
1451 3774 1636 3829 pretext
1660 3770 1713 3816 of
1734 3770 1815 3813 the
1836 3768 2097 3828 Aphorism,

429 3887 638 3967 [SAND]
1771 3853 1842 3905 20
