2482 4166
365 224 399 273 4
751 229 837 273 DE
879 229 1078 273 DEFIN
1080 229 1262 275 ITION
1263 231 1301 273 E
1346 230 1808 276 OONSGIENTIAE.

366 358 479 412 viri
521 359 841 411 sustentabit
878 358 1250 426 infirmitatem
1291 361 1466 429 ipsius
1485 380 1503 412 .·
1553 362 1831 430 Spiritum
1867 371 2045 414 autem
2080 380 2199 414 con·
2269 392 2274 397 ·

347 442 605 510 fractum
636 442 757 510 quis
795 442 1077 493 sustinebit
1098 441 1127 494 ?
1186 442 1345 504 Quasi
1383 441 1536 504 dicat,
1572 442 1675 505 Qui
1707 445 1922 511 inteyra
1958 450 2036 495 est
2083 462 2203 496 con-

366 524 596 576 scientia
652 540 969 592 quaecunque
1024 523 1234 575 tandem
1284 523 1381 593 ipsi
1424 524 1734 595 contigerint
1775 524 1925 587 mala,
1969 525 2094 577 forti
2139 542 2202 576 ea

366 604 535 657 animo
578 604 811 675 perferre
850 604 1042 675 poterit
1065 624 1077 667 3
1119 604 1211 657 sed
1239 612 1319 658 est
1331 607 1534 674 fracta
1563 612 1615 659 et
1643 608 1848 675 afflicta
1877 608 2201 660 conscientia

369 704 496 739 onus
524 685 864 756 importabile.
953 688 1049 739 Ecc
1076 705 1208 740 novo
1264 689 1599 741 Testamento
1637 687 1850 757 pariter,
1886 688 2014 740 illud.
2052 687 2201 740 Pauli

369 767 660 839 (praesentis
704 767 942 821 diatribae
997 770 1203 821 Thema
1244 774 1298 821 et
1335 769 1746 839 fundamentum)
1794 772 1824 822 1
1869 771 1988 826 Cor.
2027 769 2078 822 ii.
2111 770 2199 822 11.

373 852 508 911 Quis
535 852 683 903 novit
712 870 829 921 quoe
851 861 975 903 sunt
1003 851 1248 913 hominis,
1272 852 1384 904 nisi
1411 854 1639 921 spiritus
1666 853 1898 905 hominis
1926 853 2021 921 qui
2049 853 2204 905 estin

368 945 425 990 eo
445 933 475 985 ?
522 935 559 985 i.
581 952 639 994 e„
671 932 770 984 nisi
799 931 1010 1002 propria
1032 931 1276 1002 cujusque
1309 934 1665 986 Conscientia.

494 1015 588 1068 IV.
657 1016 988 1067 Latinorum
1016 1020 1190 1066 autem
1224 1015 1581 1077 Conscientia,
1613 1021 1665 1067 et
1688 1032 1804 1085 quae
1834 1014 1881 1067 ei
1910 1032 2004 1085 per
2033 1014 2203 1067 omnia

368 1095 650 1165 respondet
694 1098 1003 1158 Graecorum
1043 1089 1359 1161 Συνεὶδησις,
1403 1114 1435 1149 a
1488 1098 1714 1150 Scienolo
1758 1103 1941 1167 aperte
1983 1103 2203 1166 utraque

368 1195 556 1229 nomen
598 1176 809 1247 accepit.
900 1176 1006 1229 Sed
1045 1177 1261 1247 simplici
1306 1179 1557 1232 Scientioe
1598 1178 1800 1248 adjecta
1841 1177 2115 1247 utrobique
2149 1178 2204 1229 in

369 1258 734 1330 compositione
774 1260 1113 1328 Praepositio,
1155 1258 1374 1329 amplius
1412 1259 1605 1329 aliquid
1639 1259 1833 1312 indicat
1872 1259 1925 1311 in
1957 1257 2037 1311 his
2069 1259 2206 1311 voci-

369 1343 466 1396 bus
515 1348 569 1394 et
614 1339 844 1402 ulterius,
884 1358 1039 1410 quam
1070 1340 1124 1392 in
1160 1340 1270 1411 ipso
1317 1342 1567 1394 Scientioe
1610 1341 1875 1403 vocabu10,
1924 1339 2205 1394 contineri:

371 1423 510 1494 quod
540 1423 664 1493 quid
692 1423 758 1475 sit
786 1423 852 1474 ab
887 1422 1192 1475 authoribus
1231 1422 1374 1476 varie
1410 1422 1711 1493 explicatur.
1798 1421 1969 1475 Missis
2008 1422 2207 1475 duabus

370 1506 469 1558 illis
503 1504 804 1566 rationibuS,
843 1522 958 1574 quae
1001 1522 1034 1557 a
1067 1504 1323 1557 nonnullis
1367 1505 1667 1566 efferuntur,
1713 1506 1850 1574 (quae
1885 1504 1928 1557 si
1966 1510 2206 1556 naturam
2267 1513 2270 1516 ’

371 1590 453 1641 rei
496 1589 671 1656 ipsius
709 1593 996 1656 spectemus
1034 1586 1249 1639 retineri
1285 1586 1516 1639 fortassis
1557 1593 1784 1656 possunt,
1823 1592 1882 1638 ut
1917 1587 2206 1638 allusiones

370 1669 514 1722 haud
547 1668 751 1721 omnino
787 1667 1154 1730 incommodae3
1199 1668 1267 1720 ad
1300 1668 1474 1720 limam
1504 1686 1626 1721 vero
1667 1674 1720 1720 et
1758 1664 2042 1743 ἀκρίβειαν
2079 1667 2206 1738 legi-

371 1751 511 1803 timae
554 1752 849 1803 notationis
895 1756 1168 1812 revocatae,
1220 1752 1396 1819 inepte
1437 1749 1672 1819 protinus
1718 1749 2059 1819 reperientur,
2111 1767 2205 1801 nec

373 1832 545 1904 dignae
575 1832 758 1901 quibus
784 1831 1154 1900 immoremur,)
1184 1831 1507 1884 Conscientia
1532 1830 1678 1901 quasi
1714 1833 1895 1884 cordis
1923 1833 2166 1884 Scientia
2183 1850 2204 1891 ;

373 1921 426 1967 et
476 1913 801 1966 Conscientia
855 1911 1003 1982 quasi
1060 1915 1374 1966 concludens
1430 1914 1672 1966 Scientia
1692 1932 1709 1964 .·
1772 1912 1900 1965 illud
1955 1912 2205 1982 imprimis

372 2002 571 2049 certum
617 2001 712 2057 est,
763 1993 864 2046 duo
910 1995 1022 2045 haec
1068 1994 1317 2047 vocabula
1365 1988 1668 2060 Συνείδησιν
1718 2001 1772 2048 et
1827 1993 2201 2059 conscientiam,

371 2078 510 2131 ultra
539 2076 730 2129 nudam
763 2077 1013 2129 Scientioe
1041 2075 1315 2138 notionem,
1364 2076 1534 2129 dicere
1573 2076 1728 2129 etiam
1771 2079 2011 2130 ordinem
2048 2094 2207 2145 quen-

373 2159 492 2213 dam
532 2166 585 2212 et
626 2158 929 2211 relationem
967 2157 1113 2211 istius
1158 2159 1408 2212 Scientice
1450 2159 1518 2211 ad
1561 2157 1715 2213 aliud.
1807 2158 2011 2229 Quippe
2039 2176 2102 2210 ea
2129 2157 2207 2211 vis

373 2248 453 2297 est
496 2240 868 2313 particularum
912 2236 1020 2295 Σῦν
1063 2246 1116 2293 et
1167 2241 1290 2304 Con,
1332 2247 1391 2293 ut
1429 2240 1482 2292 in
1515 2240 1878 2311 compositione
1920 2240 2207 2312 significent

372 2341 547 2376 rerum
574 2322 797 2393 plurium
836 2324 1253 2391 conjunctionem
1294 2323 1554 2393 quandam
1597 2330 1650 2376 et
1685 2322 2104 2376 associationem:
2147 2328 2207 2375 ut

373 2406 440 2459 sit
474 2406 832 2467 Conscientia,
871 2404 1017 2474 quasi
1061 2406 1342 2473 conjuncta
1384 2405 1662 2458 multorum
1709 2408 1966 2460 Scientia.
2056 2404 2209 2467 Quod

374 2494 428 2540 et
477 2487 661 2556 ipsium
716 2488 1007 2555 dupliciter
1064 2486 1313 2556 contingit
1365 2486 1599 2558 intelligi.
1686 2488 1865 2539 Potest
1917 2485 2052 2539 enim
2109 2485 2208 2538 dici

373 2570 679 2621 Multorum
714 2567 938 2629 scientia,
968 2567 1052 2619 vel
1080 2573 1139 2618 ut
1167 2568 1532 2634 subjectorum,
1565 2567 1712 2637 quasi
1741 2568 1878 2620 dicas
1906 2569 2207 2620 Multorum

376 2649 678 2702 Scientium
709 2647 963 2710 Scientia3
1009 2665 1194 2718 nempe
1224 2666 1337 2699 cum
1366 2650 1549 2701 multoe
1577 2668 1823 2718 personae
1851 2649 2067 2701 eandem
2095 2666 2207 2699 rem

375 2730 575 2801 pariter
621 2729 822 2783 sciunt:
881 2729 965 2782 vel
1011 2736 1073 2781 ut
1128 2730 1475 2797 Objectorum,
1528 2730 1673 2800 quasi
1717 2730 1855 2783 dicas
1901 2731 2209 2782 Multorum

378 2814 651 2865 Scitorum
698 2811 938 2874 Scientia,
987 2828 1173 2881 nempe
1223 2829 1339 2863 cum
1385 2811 1565 2864 eadem
1611 2829 1832 2882 persona
1876 2812 2079 2864 multas
2123 2829 2209 2863 res

464 3007 576 3051 Also
612 3004 732 3061 (Art.
757 3003 835 3060 24)
860 3004 920 3049 he
942 3010 1105 3062 quotes
1137 3005 1260 3050 from
1279 3006 1417 3063 Hugo
1439 3005 1498 3048 de
1525 3005 1580 3049 St
1599 3005 1803 3057 Victore,
1826 3004 1929 3049 that
1949 3006 2210 3049 conscientia

377 3078 416 3122 is
461 3079 604 3122 cordis
642 3078 835 3130 scientia,
867 3076 1054 3134 adding,
1092 3076 1179 3121 “It
1215 3078 1253 3121 is
1284 3091 1351 3130 so,
1388 3077 1474 3121 but
1505 3076 1729 3134 certainly
1760 3076 1852 3120 thjs
1883 3089 1973 3119 was
2004 3080 2088 3120 not
2126 3076 2209 3120 the

377 3148 530 3205 ἔτυμον
549 3148 642 3209 and
669 3148 866 3206 original
886 3147 940 3191 of
954 3147 1035 3192 the
1056 3147 1227 3192 word.’'
1888 3139 1891 3142 ’

466 3226 508 3263 4.
574 3219 697 3263 That
730 3219 1011 3263 Conscience
1041 3220 1079 3263 is
1116 3218 1378 3275 something
1408 3232 1539 3263 more
1570 3217 1687 3262 than
1720 3217 1898 3275 merely
1932 3217 2125 3262 Science
2157 3230 2211 3261 or

378 3291 680 3348 Knowledge,
710 3304 906 3348 appears
937 3290 999 3348 by
1019 3290 1101 3334 the
1130 3290 1253 3334 form
1274 3289 1327 3333 of
1352 3288 1433 3333 the
1457 3290 1599 3334 word.
1663 3289 1722 3332 In
1745 3287 1951 3346 English,
1982 3288 2063 3332 the
2083 3288 2210 3331 word

382 3362 645 3414 Conscience,
681 3360 752 3415 (as
785 3361 1081 3405 Mackintosh
1119 3360 1203 3405 has
1239 3358 1521 3414 remarked,)
1553 3361 1722 3418 always
1757 3364 1964 3417 suggests
2001 3373 2030 3401 a
2061 3358 2211 3401 moral

373 3433 635 3489 judgment,
665 3433 716 3475 in
745 3431 956 3476 addition
985 3437 1035 3476 to
1067 3447 1095 3475 a
1124 3446 1253 3476 mere
1282 3432 1635 3489 Consciousness;
1670 3431 1919 3475 Conscicnce
1948 3430 1997 3471 in
2025 3427 2210 3472 French

380 3517 576 3560 appears
598 3503 727 3547 often
752 3508 802 3547 to
822 3516 882 3561 go
903 3517 964 3547 no
985 3503 1167 3548 further
1188 3503 1304 3547 than
1323 3502 1416 3547 this
1436 3503 1578 3546 latter
1601 3501 1832 3557 meaning.

470 3574 640 3630 Taylor
662 3573 829 3631 (Chap.
856 3587 888 3618 1.
922 3574 1023 3618 Art.
1048 3573 1127 3629 23)
1148 3575 1245 3618 also
1266 3573 1430 3632 speaks
1462 3573 1517 3616 of
1535 3572 1784 3616 Conscience
1807 3582 1857 3613 as
1878 3567 2065 3613 derived
2086 3568 2210 3612 from

382 3642 567 3693 Sciencc,
600 3643 725 3687 “but
749 3644 882 3688 there
908 3650 1032 3689 must
1056 3646 1116 3690 be
1142 3659 1170 3689 a
1192 3645 1410 3701 knowing
1435 3643 1489 3686 of
1508 3655 1637 3686 more
1661 3638 1923 3698 together.”
