2482 4166
847 296 1231 343 PRAELEOTIO
1275 293 1535 346 QUINTA.
2012 283 2113 335 135

395 429 548 485 VIII.
639 425 777 490 Quin
820 430 874 478 et
915 423 1043 476 illud
1085 422 1299 493 insuper
1335 420 1538 491 adjiciO,
1579 418 1622 472 si
1664 419 1777 471 Lex
1814 418 1929 489 ipsa
1955 418 2112 472 etiam

275 512 477 568 ratione
519 511 777 564 Materiae
820 507 926 560 sive
978 506 1181 575 objecti
1228 504 1295 557 sit
1334 503 1471 557 forte
1508 502 1716 571 injusta
1755 506 1810 553 et
1851 500 2113 553 subditum

277 601 479 669 gravet,
521 599 582 646 ut
624 590 848 661 exempli
895 588 1084 661 gratia,
1133 587 1176 639 si
1217 586 1440 658 imperet
1483 584 1780 656 pensionem
1835 585 2113 652 9ravioris

279 678 472 731 tributi
501 693 655 745 quam
684 691 768 727 res
795 671 1038 743 postulat,
1069 688 1173 723 non
1201 676 1377 723 tamen
1402 674 1683 739 propterea
1712 665 1954 719 continuo
1985 664 2115 717 solvi

277 760 671 829 obliqationem.
762 755 867 809 Sed
896 753 980 806 hic
1007 753 1197 807 iterum
1228 770 1355 824 opus
1394 757 1474 804 est
1507 748 1851 804 distinctione.
1929 748 2118 800 Potest

278 841 415 895 enim
453 839 647 910 aliquid
695 856 806 892 esse
844 838 1120 907 injustum,
1169 835 1254 889 vel
1304 852 1364 887 eo
1412 833 1575 887 solum
1621 831 1827 885 nomine
1873 830 2011 901 quod
2052 829 2119 882 sit

269 943 529 995 perpessu
573 924 838 992 iniquum,
886 919 970 973 vel
1018 937 1079 972 eo
1127 917 1266 989 quod
1314 916 1382 970 sit
1427 916 1584 970 etiam
1614 918 1786 986 factu
1842 915 2115 967 illicitum.

282 1006 380 1059 Illo
409 1005 561 1058 modo
590 1005 633 1057 si
662 1005 922 1073 injustum
964 1012 1056 1065 est,
1087 1000 1226 1071 quod
1269 1001 1413 1072 Lege
1455 998 1758 1070 imperatur,
1799 996 1898 1049 hoc
1942 1002 2036 1059 est,
2076 994 2120 1048 si

279 1090 529 1158 iniquum
554 1086 621 1141 sit
649 1093 851 1140 tantum
880 1092 934 1139 et
962 1102 1066 1137 non
1102 1086 1452 1145 inhonestum,
1494 1088 1547 1135 et
1583 1088 1759 1134 tamen
1797 1079 1925 1143 fiat3
1969 1077 2120 1131 unius

280 1172 605 1241 imperantis
647 1169 798 1240 culpa
840 1175 950 1221 est:
990 1174 1099 1221 tam
1142 1167 1289 1220 abest
1327 1184 1360 1218 a
1395 1164 1546 1236 culpa
1575 1163 1663 1234 qui
1693 1164 1999 1233 obsequitur
2026 1160 2121 1213 im-

281 1253 444 1324 perio,
474 1260 534 1305 ut
563 1251 767 1305 omnino
796 1257 1035 1322 peccaret
1064 1249 1107 1303 si
1135 1268 1239 1303 non
1269 1250 1653 1318 obsequeretur.
1740 1245 1814 1298 At
1847 1242 2122 1316 posteriori

242 1344 243 1347 ’
284 1335 437 1388 modo
467 1335 636 1405 siquid
664 1334 948 1405 imperetur
976 1333 1252 1401 injustum,
1293 1332 1391 1383 hoc
1435 1336 1529 1392 est,
1570 1329 1614 1383 si
1653 1328 1792 1399 quod
1829 1325 2122 1399 postulatur

285 1417 353 1471 sit
375 1436 480 1471 non
508 1417 670 1471 solum
696 1435 863 1486 yrave
879 1434 1154 1485 perpessu,
1176 1414 1267 1467 sed
1297 1413 1453 1467 etiam
1467 1414 1634 1482 factu
1666 1421 1836 1481 turpe,
1867 1416 1921 1463 et
1948 1415 2124 1462 tamen

285 1518 318 1553 a
339 1499 543 1553 subdito
560 1499 683 1562 fiat3
723 1498 966 1568 utrinque
1009 1503 1284 1568 peccatur:
1320 1513 1352 1548 a
1384 1496 1639 1566 praelato,
1687 1492 1825 1562 quod
1867 1510 1980 1545 rem
2018 1492 2125 1543 ini-

286 1602 451 1652 quam
490 1580 866 1652 postulaverit3
911 1598 944 1632 a
983 1581 1212 1641 subdito,
1254 1578 1394 1647 quod
1431 1594 1542 1630 rem
1583 1577 1843 1628 illicitam
1880 1572 2124 1626 effecerit.

289 1666 480 1718 Sensus
534 1681 661 1734 ergo
723 1660 1073 1715 Conclusionis
1130 1666 1225 1723 est,
1280 1658 1571 1729 ubicunque
1631 1658 1749 1711 Leoe
1805 1656 2127 1727 imperando

286 1746 480 1816 aliquid
499 1747 751 1816 prohibet
776 1743 890 1797 fieri
919 1743 1058 1814 quod
1088 1749 1167 1796 est
1194 1742 1269 1795 ita
1297 1742 1659 1795 necessarium
1683 1746 1744 1792 ut
1772 1757 1876 1791 non
1905 1736 2068 1809 possit
2096 1756 2129 1789 a

289 1828 494 1882 subdito
525 1827 693 1881 omitti
723 1827 832 1880 sine
860 1832 1088 1897 peccatO,
1120 1824 1204 1879 vel
1238 1826 1561 1896 imperando
1585 1823 1740 1893 jubet
1777 1821 1973 1892 aliquid
2014 1819 2129 1872 fieri

287 1911 426 1981 quod
471 1917 550 1964 est
594 1910 669 1964 ita
712 1911 971 1963 illicitum
1010 1915 1070 1962 ut
1106 1925 1210 1960 non
1245 1907 1407 1979 possit
1439 1907 1506 1960 ab
1544 1906 1726 1959 eodem
1763 1904 1872 1958 sine
1917 1910 2128 1975 peccato

288 1994 416 2057 fieri,
446 1995 644 2064 Le9em
672 1992 812 2045 illam
840 2010 947 2045 ozon
976 1992 1219 2061 obliyare
1247 1991 1300 2042 in
1331 1988 1674 2043 Conscientia.

241 2087 262 2127 1
415 2077 512 2130 IX.
590 2078 761 2129 Ratio
794 2077 1005 2137 Prima,
1027 2074 1147 2143 quia
1173 2075 1256 2126 rei
1285 2075 1497 2126 illicitoe
1525 2071 1605 2138 (ut
1631 2067 1792 2122 yalias
1820 2067 1933 2122 fuse
1963 2073 2132 2120 osten-

236 2169 265 2209 2
291 2158 479 2227 dimus)
530 2160 687 2210 nulla
725 2167 905 2228 potest
934 2175 1041 2209 esse
1085 2156 1360 2224 obliyatiO.
1438 2154 1731 2213 θεραπείας
1790 2150 1911 2221 quia
1945 2151 2025 2218 (ut
2061 2149 2134 2202 ibi

291 2240 448 2293 etiam
487 2239 681 2293 dictum
724 2241 825 2308 est)
870 2240 1148 2307 Obliyatio
1180 2239 1342 2308 prior
1358 2237 1697 2306 praejudicat
1715 2235 2028 2305 posteriori,
2058 2231 2135 2285 ita

743 2432 761 2461 y
783 2426 833 2464 de
850 2426 1006 2465 Juram.
1029 2426 1211 2475 Obligat.
1231 2425 1414 2463 Praelect.
1433 2436 1482 2464 11.
1503 2424 1610 2463 Sect.
1628 2425 1688 2463 13.

388 2569 430 2608 8.
493 2561 721 2607 Further:
755 2562 887 2607 Even
908 2562 949 2606 if
964 2562 1046 2607 the
1064 2563 1175 2606 Law
1194 2562 1255 2606 be
1282 2562 1442 2618 unjust
1466 2575 1516 2605 as
1541 2565 1592 2605 to
1625 2560 1685 2605 its
1710 2560 1889 2603 Matter
1921 2557 2016 2602 and
2042 2557 2136 2602 Ob-

291 2636 403 2692 Ject,
441 2634 534 2678 and
571 2634 837 2693 oppressive
871 2638 922 2678 to
957 2633 1040 2678 the
1072 2634 1291 2691 Subject3
1327 2633 1403 2677 for
1433 2632 1660 2690 example,
1694 2645 1755 2675 an
1791 2629 2138 2686 unnecessarily

297 2706 446 2764 heavy
466 2710 559 2757 tax,
578 2705 659 2749 the
686 2706 954 2763 Obligation
975 2706 1013 2749 is
1039 2710 1123 2749 not
1149 2704 1396 2763 destroyed
1418 2703 1712 2761 necessarily.
1772 2703 1860 2746 We
1880 2705 2006 2745 must
2023 2701 2138 2745 here

299 2776 575 2834 distinguish
614 2777 827 2821 between
861 2777 985 2820 what
1023 2777 1062 2821 is
1102 2777 1283 2835 merely
1320 2777 1479 2833 unjust
1519 2775 1756 2831 suffering,
1796 2774 1891 2817 and
1931 2772 2057 2816 what
2098 2772 2137 2815 is

298 2848 514 2892 immoral
535 2848 690 2905 doing.
754 2848 804 2892 If
823 2848 905 2893 the
930 2848 1066 2906 thing
1088 2848 1398 2892 commanded
1418 2848 1478 2891 be
1500 2847 1555 2891 of
1574 2846 1656 2890 the
1676 2845 1853 2890 former
1871 2844 2139 2896 kind,—-an

299 2920 552 2977 iniquitous
583 2920 825 2973 infliction,
849 2924 933 2963 not
954 2934 983 2963 a
1006 2920 1186 2964 wicked
1206 2924 1283 2964 act
1303 2919 1352 2962 in
1376 2919 1459 2963 the
1484 2917 1847 2970 sufferer,—the
1879 2916 2001 2959 fault
2026 2915 2065 2959 is
2089 2915 2140 2958 in

298 2990 398 3034 him
421 2990 524 3035 who
554 2991 680 3049 gives
714 2991 797 3036 the
834 2992 1097 3036 command.
1158 2991 1204 3035 It
1229 2992 1267 3036 is
1292 3004 1354 3035 no
1380 2990 1525 3035 crime
1557 2994 1608 3034 to
1636 2989 1783 3047 obey3
1814 2988 1853 3031 it
1882 2988 1921 3031 is
1956 3000 1985 3030 3,
2018 2985 2141 3029 fault

301 3066 385 3106 not
409 3066 460 3106 to
481 3062 615 3121 obey.

390 3132 486 3176 But
505 3133 547 3175 if
571 3133 653 3177 the
672 3132 808 3190 thing
828 3133 1136 3178 commanded
1159 3133 1220 3177 be
1250 3133 1451 3191 morally
1475 3132 1583 3185 bad,
1602 3131 1685 3176 the
1706 3131 1849 3188 doing
1873 3129 1911 3173 it
1943 3129 1982 3172 is
2017 3140 2046 3170 a
2069 3127 2142 3171 sin

302 3203 352 3246 in
370 3202 487 3247 both
507 3203 854 3260 parties,--him
872 3204 975 3248 who
1002 3204 1288 3256 commands,
1306 3205 1400 3247 and
1419 3204 1519 3247 him
1544 3202 1647 3246 who
1674 3202 1831 3260 obeyS.

393 3272 503 3316 And
536 3273 659 3324 thus,
689 3273 772 3317 the
796 3275 1016 3332 meaning
1049 3275 1105 3318 of
1135 3288 1221 3318 our
1249 3275 1531 3319 Conclusion
1562 3275 1615 3325 is,
1640 3273 1745 3316 that
1780 3273 1972 3314 Human
2006 3268 2141 3314 Laws

304 3342 455 3387 which
475 3343 682 3401 prohibit
701 3343 826 3387 what
845 3345 883 3388 is
903 3345 1101 3403 morally
1119 3359 1379 3404 necessary,
1400 3360 1454 3390 or
1474 3344 1723 3389 command
1742 3342 1867 3386 what
1886 3342 1925 3386 is
1945 3341 2144 3399 morally

304 3414 544 3466 unlawful,
568 3414 629 3458 do
653 3418 738 3458 not
757 3414 872 3458 bind
892 3415 975 3459 the
1002 3416 1297 3460 Conscience.

397 3491 438 3531 9.
496 3486 623 3529 First
650 3486 856 3530 Reasort:
887 3486 1096 3530 Because
1125 3500 1154 3529 a
1177 3486 1312 3544 thing
1334 3485 1535 3544 morally
1559 3484 1786 3529 unlawful
1817 3487 1989 3528 cannot
2015 3482 2077 3528 be
2116 3497 2145 3527 3,

304 3562 478 3602 matter
503 3557 558 3601 of
575 3557 857 3614 Obligation.
922 3558 1018 3601 For
1044 3556 1314 3615 Obligation
1339 3558 1377 3601 is
1406 3556 1488 3600 the
1512 3557 1642 3601 bond
1673 3556 1728 3600 of
1757 3555 1840 3600 the
1867 3556 2017 3599 moral
2038 3555 2140 3599 law.

309 3629 399 3673 See
419 3628 502 3673 the
520 3628 741 3673 Author's
761 3629 970 3673 Proelect.
994 3630 1045 3673 de
1064 3630 1248 3673 Juram.
1278 3628 1473 3685 Obliyat.
1502 3641 1551 3672 as
1578 3627 1765 3685 quoted.

399 3699 571 3745 Second
588 3701 770 3744 Reasort
784 3716 797 3743 .·
829 3701 1037 3745 Because
1059 3714 1087 3743 a
1110 3700 1288 3744 former
1311 3699 1579 3757 Obligation
1597 3699 1706 3743 bars
1733 3713 1761 3743 a
1786 3699 1932 3743 later:
1965 3697 2052 3743 but
2076 3711 2146 3742 we

306 3770 426 3816 have
446 3786 475 3816 3,
495 3772 672 3816 former
686 3771 956 3830 ObligatIOn
977 3776 1027 3816 to
1050 3772 1109 3816 do
1124 3771 1247 3816 what
1271 3771 1310 3816 is
1330 3771 1528 3830 morally
1548 3784 1807 3831 necessary,
1827 3770 1921 3815 and
1937 3774 1987 3815 to
2009 3769 2147 3814 avoid
