2482 4166
852 239 1234 286 PRAELEOTIO
1277 241 1528 288 TERTIA.
2038 234 2106 289 87

269 374 512 431 nonnulla
547 372 780 434 inferam,
826 370 918 424 sed
961 388 1139 441 pauca,
1180 375 1234 424 et
1284 369 1480 440 paucis)
1517 367 1702 422 merito
1745 386 1953 421 exosam
1995 388 2105 423 esse

269 457 459 511 debere
515 455 721 508 cuilibet
779 453 1076 507 Christiano
1136 455 1376 506 Romani
1439 453 1723 520 Pontificis
1785 451 2107 520 conjunctam

271 558 384 592 cum
413 556 610 591 summo
639 537 792 600 fastU,
836 555 939 589 non
982 535 1250 588 ferendam
1291 536 1637 604 tyrannidem
1657 554 1673 586 .·
1714 533 1803 604 qui
1850 534 1970 586 dum
2012 533 2109 585 sibi

271 638 478 690 suaeque
525 619 804 674 Cathedrae
853 625 1068 691 arrogat
1104 619 1380 687 judicium
1430 618 1742 687 infallibile,
1799 622 2008 669 exercet
2050 633 2110 667 eo

271 703 491 766 nomine,
532 702 677 773 quasi
719 701 807 773 jus
857 720 1020 763 suum,
1068 703 1406 753 dominatum
1449 702 1510 752 in
1553 701 1907 753 conscientias
1950 697 2113 750 homi-

272 804 429 839 num:
470 803 709 854 eousque,
755 791 814 837 ut
847 784 890 836 si
927 783 1065 837 dicat
1100 786 1327 836 virtutes
1366 800 1476 835 csse
1520 785 1675 843 vitia,
1723 789 1777 834 et
1819 783 1962 834 vitia
2003 782 2112 833 vir-

276 879 426 930 tutes,
470 873 746 920 tenea-ntur
789 867 883 919 sub
922 865 1126 918 mortali
1162 870 1371 935 peccato
1410 882 1586 917 omnes
1624 866 1931 918 Christiani
1956 862 2115 934 ipsius

268 949 463 1021 judicio
518 948 627 1002 sine
669 948 774 1001 ulla
816 947 1140 1000 haesitatione
1195 953 1357 1000 semet
1414 946 1681 1016 subjicere.
1768 948 1839 999 Et
1897 945 2114 1017 proinde

274 1031 650 1103 agnoscendam
694 1048 805 1083 esse
843 1049 959 1082 cum
1004 1029 1141 1082 omni
1183 1028 1322 1102 grati
1364 1028 1520 1081 animi
1562 1028 1934 1101 significatione
1980 1046 2116 1080 sum-

276 1132 412 1166 mam
470 1120 523 1167 et
579 1113 894 1186 singularem
952 1112 1054 1165 Dei
1110 1113 1231 1183 Opt.
1285 1113 1428 1164 MaX.
1488 1111 1542 1163 in
1586 1130 1680 1163 nos
1730 1111 2012 1164 bonitatem
2063 1117 2116 1163 et

276 1195 691 1259 misericordiam,
729 1196 817 1266 qui
845 1213 937 1248 nos
966 1201 1243 1265 patresque
1272 1201 1477 1246 nostros
1509 1200 1561 1246 et
1589 1195 1899 1246 Ecclesiam
1928 1194 2118 1262 Anyti-

278 1298 473 1332 canam
501 1285 608 1332 tam
635 1278 811 1348 iniqua
840 1280 1128 1347 tyrannide
1157 1276 1352 1330 dudum
1382 1276 1653 1339 exemerit,
1688 1282 1741 1329 et
1773 1276 1929 1346 justae
1961 1277 2117 1328 liber-

280 1364 387 1415 tati
415 1361 560 1431 quasi
588 1361 896 1432 postliminio
924 1359 1223 1413 restituerit.

398 1444 603 1496 XXIX.
696 1443 858 1513 Atqui
917 1445 1159 1504 secunde,
1227 1441 1513 1495 cavendum
1554 1440 1702 1493 nobis
1756 1446 1810 1493 et
1865 1439 2119 1492 universis

280 1533 334 1581 et
377 1525 606 1598 singuliS,
646 1543 712 1578 ne
754 1524 844 1577 illa
888 1526 1177 1593 tyrannide
1222 1523 1443 1586 liberati,
1490 1542 1621 1576 novo
1655 1523 1790 1591 jayo
1831 1521 1961 1574 colla
2001 1522 2120 1575 sub-

279 1609 490 1670 damus;
535 1625 630 1661 nec
672 1614 779 1660 tam
827 1609 1114 1661 excussisse
1151 1606 1353 1679 jugum,
1389 1623 1543 1676 quam
1563 1615 1904 1676 permutasse
1933 1604 2121 1675 depre-

277 1691 578 1745 hendamur.
1812 1696 1813 1699 ’

1146 1767 1291 1831 anoe
1318 1776 1462 1820 bellua
1486 1776 1632 1834 raptis

573 1848 723 1902 Quum
748 1847 876 1892 semel
899 1848 1065 1904 effuyit,
1092 1848 1237 1891 reddit
1260 1862 1302 1891 se
1321 1863 1475 1905 prava
1500 1848 1663 1892 catenis
1678 1847 1701 1889 ,9

403 1945 630 1997 Interest
659 1943 891 2014 profecto
920 1949 1114 2006 nostra,
1160 1942 1201 1996 si
1241 1949 1349 2014 aut,
1370 1943 1588 1995 internae
1622 1943 1989 2004 Conscientioe‚
2035 1947 2126 1994 aut

281 2032 512 2080 externae
542 2028 876 2097 Reipublicoe
906 2036 955 2079 et
983 2028 1245 2079 Ecclesiae
1275 2015 1389 2096 paci
1416 2024 1548 2078 serio
1576 2024 1862 2077 consultum
1892 2023 2126 2086 velimus,

283 2109 486 2162 omnino
526 2128 726 2172 curare,
767 2127 833 2161 ne
861 2114 921 2161 ut
950 2108 1070 2160 olim
1099 2108 1153 2160 in
1182 2107 1413 2160 Ecclesia
1445 2106 1776 2160 Corinthiaca
1787 2109 1823 2169 θ,
1854 2109 1978 2176 Ε90
2007 2125 2125 2160 sum

282 2194 476 2254 Pauli,
508 2211 599 2260 090
630 2193 843 2261 Apelle,
890 2209 981 2259 090
1015 2192 1223 2263 Cephoe,
1266 2189 1337 2242 sic
1375 2190 1516 2260 apud
1545 2208 1637 2242 nos
1666 2188 1951 2243 istiusmodi
1977 2207 2129 2242 voces

282 2273 573 2337 audiantur,
618 2276 742 2343 Ε90
771 2292 889 2326 sum
916 2274 1163 2336 Lutheri,
1196 2292 1287 2343 090
1321 2274 1558 2335 Calvini,
1603 2291 1695 2341 090
1737 2274 1996 2335 Arminii,
2037 2290 2128 2341 090

289 2358 490 2409 Socini.
581 2356 718 2420 Quin
769 2363 877 2409 esto
908 2349 1115 2409 somnis
1164 2357 1316 2409 homo
1373 2357 1620 2418 mendam,
1669 2366 1719 2408 et
1773 2374 1940 2408 verax
1982 2356 2127 2408 solus

284 2440 450 2491 Deus.
530 2440 649 2491 Non
692 2446 772 2491 est
817 2437 1004 2510 dignus
1050 2437 1138 2508 qui
1182 2438 1249 2491 sit
1299 2439 1521 2500 Christi,
1574 2437 1661 2507 qui
1703 2456 1806 2489 non
1846 2444 1924 2490 est
1966 2439 2130 2490 unius

293 2522 511 2583 Christi,
561 2520 852 2592 discipulus,
940 2520 1128 2573 Actum
1176 2526 1255 2573 est
1298 2520 1364 2572 de
1412 2519 1534 2573 fidei
1584 2519 1892 2573 Christianae
1939 2518 2130 2591 simpli-

332 2708 350 2733 d
377 2706 518 2743 Horat.
532 2705 649 2743 satir.
668 2705 759 2743 Lib.
772 2705 830 2743 ΙΙ.
847 2704 930 2755 [vii.
950 2717 983 2743 v.
1004 2705 1050 2743 71
1066 2704 1149 2754 sq.]
1305 2702 1319 2730 f
1342 2705 1460 2742 Rom.
1480 2705 1531 2743 iii.
1551 2706 1587 2742 4.

335 2775 352 2795 e
378 2769 399 2804 1
421 2768 513 2806 Cor.
531 2768 559 2804 i.
579 2769 638 2804 12.

286 2891 389 2936 who
426 2891 584 2937 claims
620 2891 849 2936 infallible
883 2892 1146 2949 judgment,
1193 2891 1287 2935 and
1323 2896 1491 2937 asserts
1531 2907 1560 2936 a
1602 2893 1729 2951 right
1764 2907 1875 2938 over
1908 2893 1989 2938 the
2025 2907 2134 2938 con-

287 2964 492 3008 sciences
519 2963 573 3007 of
603 2977 740 3015 men3
771 2968 821 3007 to
854 2963 967 3008 such
994 2978 1055 3007 an
1086 2968 1246 3008 extent
1283 2963 1387 3007 that
1425 2964 1467 3007 if
1493 2964 1553 3009 he
1586 2979 1689 3023 says
1720 2965 1824 3009 that
1855 2966 2028 3008 virtues
2054 2978 2134 3008 are

287 3035 426 3087 vices,
463 3034 557 3077 and
586 3035 709 3078 vices
742 3048 822 3078 are
852 3035 1041 3087 virtues,
1070 3035 1133 3077 all
1167 3035 1421 3080 Christians
1453 3050 1532 3080 are
1562 3036 1736 3089 bound,
1770 3037 1921 3079 under
1945 3036 2056 3093 pain
2087 3035 2142 3079 of

293 3106 465 3149 mortal
490 3106 576 3157 sin,
598 3109 648 3149 to
672 3106 845 3150 submit
865 3106 1061 3150 without
1082 3120 1174 3164 any
1193 3106 1445 3150 hesitation
1465 3111 1514 3151 to
1539 3107 1611 3151 his
1630 3109 1895 3165 judgment.

382 3175 490 3218 And
513 3190 582 3220 we
607 3182 732 3220 must
767 3177 1094 3234 acknowledge
1128 3178 1211 3221 the
1245 3178 1474 3235 goodness
1500 3178 1555 3221 of
1577 3178 1683 3222 God
1707 3180 1756 3222 in
1782 3178 2038 3234 delivering
2067 3191 2135 3231 us,

293 3259 379 3290 our
398 3246 591 3298 fathers,
612 3247 705 3289 and
724 3247 806 3291 the
831 3248 1026 3304 English
1047 3248 1248 3300 Ohurch,
1273 3249 1396 3292 from
1421 3249 1513 3293 this
1535 3254 1763 3307 tyranny3
1794 3250 1888 3292 and
1907 3249 2138 3307 restoring

293 3322 343 3361 to
375 3331 443 3368 us,
469 3316 581 3360 with
606 3331 692 3360 our
716 3317 900 3376 liberty,
932 3318 1015 3362 the
1039 3319 1187 3375 rights
1223 3319 1374 3363 which
1400 3320 1495 3363 had
1525 3320 1647 3364 been
1679 3320 1944 3378 suspended
1969 3320 2138 3378 durIng

295 3402 382 3432 our
405 3389 600 3447 slavery.

387 3464 458 3505 29.
526 3460 785 3518 Secondly3
816 3463 866 3503 to
901 3460 1012 3503 take
1048 3474 1168 3512 care,
1202 3461 1306 3514 lest,
1330 3461 1471 3518 being
1494 3461 1628 3506 freed
1648 3461 1770 3506 from
1794 3462 1898 3507 that
1924 3467 2138 3522 tyranny,

295 3545 364 3575 we
390 3545 522 3575 come
547 3531 700 3575 under
731 3546 758 3574 a
778 3545 881 3575 new
898 3532 1045 3589 yoke:
1078 3532 1182 3583 lest,
1201 3546 1250 3575 as
1272 3533 1353 3575 the
1385 3533 1681 3577 Corinthians
1712 3548 1832 3578 were
1857 3535 2044 3579 blamed
2062 3535 2139 3579 for

296 3603 472 3660 saying,
491 3603 525 3645 I
540 3619 616 3646 am
638 3604 697 3660 of
708 3603 848 3653 Paul,
875 3603 968 3646 and
988 3604 1022 3646 I
1036 3601 1305 3660 oprollos,
1327 3604 1419 3647 and
1440 3604 1546 3662 Ios
1565 3605 1746 3663 Cephas,
1767 3620 1817 3650 so
1838 3620 1945 3650 men
1968 3620 2139 3665 among

299 3688 353 3717 us
379 3688 473 3732 say,
504 3674 555 3718 ‘I
576 3689 653 3719 am
678 3675 733 3719 of
753 3674 961 3729 Luther,'
986 3675 1080 3718 and
1114 3675 1126 3696 ⁶
1142 3676 1166 3719 I
1187 3689 1264 3719 am
1300 3675 1353 3720 of
1382 3676 1571 3730 Calvin,'
1598 3677 1690 3720 and
1717 3679 1728 3697 ‘
1744 3678 1768 3721 I
1793 3692 1870 3721 am
1903 3677 1957 3722 of
1984 3677 2139 3721 Armi-

299 3745 431 3799 nius,'
453 3746 547 3790 and
578 3747 630 3790 ‘I
655 3760 731 3790 am
757 3747 811 3791 of
834 3747 1061 3792 Socinus.’
1121 3748 1216 3792 But
1247 3748 1300 3792 Zet
1329 3747 1434 3792 aod
1464 3750 1510 3793 be
1542 3756 1651 3802 true,
1680 3750 1776 3794 and
1808 3764 1933 3809 every
1966 3765 2075 3794 man
2110 3756 2142 3793 a
