2482 4166
11 2295 18 2300 ι
0 1590 16 2259 Μ’*ἰιῑ-ῡφτῑεωιηςντυωκκςμεωηιῧῂῡε-
4 1574 10 1581 ;
3 1554 9 1561 ff
0 1479 12 1503 :a
0 1429 11 1459 mr
0 1404 8 1413 r
0 1353 13 1395 ns.
0 1332 5 1342 r
6 1312 7 1316 „
0 1272 12 1296 a,
0 1218 12 1261 μγ·
0 1185 15 1210 «ῃ
0 1056 11 1179 ;·’,’,-.ιτ,ι’,-εν
0 1029 7 1044 v·
0 948 10 1021 uvam..
0 906 9 938 vm-
1 891 10 897 ·,
0 857 8 865 r

0 2578 20 2664 Ξ

0 2691 13 2714 ἶ(

886 242 1269 289 PRAELEGTIO
1310 243 1534 288 SEXTA.
2024 240 2050 289 1
2060 240 2127 292 91

293 374 554 429 subditum
580 371 649 425 ad
669 371 996 441 faciendum
1033 371 1178 439 quod
1215 371 1297 422 Zeoe
1315 371 1606 439 permittit,
1639 370 1776 440 quod
1810 375 1863 423 et
1889 379 2010 426 ante
2038 393 2127 429 ne-

239 468 270 509 2
290 455 427 529 gavi,
458 462 513 508 et
531 454 642 525 jam
668 453 838 507 adhuc
866 470 1017 524 nego,
1082 451 1337 514 Alterum,
1368 451 1508 521 quod
1536 451 1756 504 dixerim
1785 453 1982 522 Leyem
2001 475 2128 524 per.

288 538 570 592 missivam
606 535 854 608 obligare,
895 540 1148 605 quatenus
1184 535 1299 587 Lex
1345 540 1439 598 est,
1470 534 1609 604 quod
1648 553 1829 587 verum
1869 541 1980 589 est:
2024 556 2128 591 non

289 619 398 674 dixi
440 619 671 692 obligare
706 624 958 689 quatenus
978 619 1309 690 permissiva
1342 623 1435 679 est,
1467 617 1607 687 quod
1635 623 1715 669 est
1748 617 1947 671 falsum.
2022 620 2128 672 Sci-

289 702 480 756 endum
515 709 593 755 est
626 700 761 755 enim
798 702 928 770 Zeyis
951 702 1290 769 permissivae
1318 698 1439 763 vim,
1471 706 1725 771 quatenus
1753 701 1871 753 Lecc
1899 706 1993 765 est,
2023 719 2128 755 non

290 785 568 839 consistere
603 784 658 837 in
694 784 806 854 ipsa
838 784 1208 853 permissione,
1246 799 1362 852 quae
1391 800 1506 835 cum
1544 781 1610 835 sit
1648 781 1778 854 legis
1814 785 2128 852 differentia)

290 870 548 930 divisiva,
586 885 794 920 necesse
831 873 910 920 est
947 871 1006 918 ut
1045 864 1112 918 sit
1151 867 1259 934 Ze9e
1286 866 1575 934 posterior,
1610 864 1740 918 sicut
1775 865 1939 918 omnis
1975 869 2127 937 diffe-

291 953 474 1004 rentia
512 952 752 1003 divisiva
793 955 872 1001 est
910 954 1100 1000 natura
1129 949 1402 1017 posterior
1435 966 1621 1017 yenere
1654 947 1793 1018 quod
1827 947 2028 1012 dividit,
2074 957 2128 1004 et

288 1032 457 1103 ipsum
483 1032 754 1102 supponit:
798 1030 890 1084 sed
929 1029 983 1083 in
1011 1029 1099 1082 illa
1133 1029 1495 1100 praeceptione,
1534 1049 1651 1100 quae
1682 1037 1761 1084 est
1800 1024 1955 1100 ileyis
1982 1033 2127 1102 quasi

289 1114 621 1168 constitutiva
649 1120 703 1167 et
738 1113 967 1166 formalis
996 1112 1302 1174 differentia,
1335 1119 1388 1165 et
1416 1112 1469 1165 in
1503 1112 1626 1183 ipsis
1666 1115 1796 1183 leyis
1831 1117 2022 1178 verbis,
2068 1123 2127 1169 ut

287 1197 564 1267 plurimum
606 1214 865 1267 expresse,
910 1202 1002 1249 aut
1043 1194 1335 1249 virtualiter
1386 1196 1567 1249 saltem
1611 1196 1915 1250 continetur.
1996 1199 2127 1251 Haec

289 1280 425 1333 enim
455 1281 782 1352 (proeceptiO,
812 1279 1060 1349 inquam,)
1090 1277 1217 1331 illud
1246 1285 1339 1341 est,
1367 1296 1399 1331 a
1426 1296 1527 1348 quo
1560 1279 1782 1349 primum
1813 1280 1979 1333 oritur
2007 1282 2126 1334 sub-

289 1362 385 1416 diti
422 1365 698 1433 obliqatio,
738 1369 791 1415 et
823 1362 892 1414 ad
922 1361 1059 1432 quod
1098 1360 1275 1414 ultime
1309 1361 1617 1414 terminatur
1655 1362 1766 1432 ejus
1804 1364 2123 1418 obedientia.

288 1446 542 1516 Exemplo
576 1463 687 1498 rem
717 1444 945 1498 ostende.
1026 1443 1318 1516 Legislator
1355 1444 1421 1497 ob
1449 1447 1738 1498 mutuandi
1767 1446 2125 1500 necessitatem

288 1528 544 1599 permittit
570 1547 811 1589 usuram,
857 1527 1124 1579 moderata
1153 1526 1375 1596 quadam
1413 1527 1765 1597 proportione,
1818 1527 1954 1580 inter
1989 1529 2127 1583 cives

288 1610 551 1665 exerceri:
596 1609 860 1681 proposita
894 1608 1050 1662 etiam
1080 1627 1232 1680 poena
1268 1608 1349 1661 his
1375 1608 1464 1679 qui
1492 1612 1708 1662 modum
1733 1612 1971 1680 faenoris
2007 1612 2125 1684 lege

287 1693 554 1746 definitum
592 1691 920 1745 excesserint.
1001 1692 1147 1745 Sitne
1186 1710 1359 1745 usura
1387 1691 1685 1762 simpliciter
1714 1699 1768 1746 et
1803 1693 1868 1746 de
1897 1700 2007 1747 toto
2036 1714 2126 1768 ge-

286 1794 412 1829 nere
437 1777 657 1839 illicita,
688 1793 865 1838 necne,
895 1774 1021 1827 nihil
1051 1774 1133 1827 hic
1156 1773 1359 1836 defini0‚
1390 1793 1485 1827 nec
1507 1775 1575 1828 ad
1604 1794 1832 1847 praesens
1860 1777 2126 1849 negotium

286 1858 558 1930 quicquam
593 1859 842 1913 interest:
885 1859 983 1911 hoc
1018 1857 1226 1911 interim
1268 1865 1466 1911 certum
1504 1865 1598 1924 est,
1629 1865 1748 1912 utut
1785 1859 1868 1913 vel
1905 1861 2127 1914 maxime

284 1942 424 1995 licita
467 1949 602 1996 esset
641 1961 827 2004 usura,
872 1941 1129 1994 neminem
1168 1947 1340 1994 tamen
1377 1940 1465 1994 illa
1504 1943 1857 2009 permissione
1898 1943 1967 1996 ad
2011 1962 2127 1997 eam

287 2025 630 2078 exercendam
670 2024 905 2097 obligari.
988 2025 1093 2077 Sed
1136 2023 1191 2076 in
1233 2023 1519 2076 istiusmodi
1560 2025 1692 2096 lege,
1736 2031 1934 2095 praeter
1972 2025 2125 2080 istam

279 2110 701 2177 permissionem,
761 2125 877 2178 quae
922 2106 1177 2159 neminem
1224 2106 1449 2177 obligat3
1512 2106 1612 2159 duo
1664 2114 1785 2161 sunt
1839 2107 1956 2171 alia,
2007 2127 2124 2179 quae

287 2207 447 2260 quum
485 2190 553 2242 ad
580 2192 996 2260 praeceptionem
1027 2191 1191 2259 Leyis
1223 2188 1534 2259 pertineant,
1573 2189 1770 2244 habent
1798 2191 2017 2261 proinde
2060 2210 2127 2245 ex

287 2272 572 2325 intentione
611 2271 947 2344 Legislatoris
976 2274 1087 2324 vim
1126 2273 1409 2340 obliyandi
1448 2289 1624 2324 omnes
1662 2271 1799 2326 cives
1837 2274 1905 2327 ad
1935 2292 1998 2326 ea
2038 2275 2126 2327 ob-

288 2354 561 2409 servanda.
631 2356 864 2418 Quorum
893 2354 1113 2407 alterum
1127 2355 1450 2423 formaliter
1479 2361 1533 2408 et
1562 2354 1766 2408 disertis
1794 2355 1966 2409 verbis
1994 2375 2127 2427 prae-

288 2436 490 2506 cipitur,
525 2436 707 2506 nequis
750 2436 939 2490 scilicet
978 2435 1247 2507 pecuniam
1289 2435 1428 2488 ultra
1462 2437 1670 2489 modum
1706 2436 1824 2509 lege
1859 2438 2126 2492 definitum

286 2536 383 2590 pro
394 2521 608 2589 foenore
636 2518 843 2591 exigat:
887 2519 1107 2572 alterum
1137 2537 1200 2572 ex
1229 2521 1564 2587 consequenti
1599 2526 1653 2572 et
1680 2521 2011 2584 virtualiter,
2038 2540 2127 2574 ne-

288 2601 402 2670 quis
432 2602 497 2654 ob
527 2601 823 2664 exercitam,
855 2607 1010 2671 prout
1036 2618 1098 2654 ea
1122 2600 1239 2672 lege
1267 2600 1586 2671 permittitur
1615 2620 1842 2656 usuram
1864 2602 2123 2673 puniatur.

287 2684 454 2752 Leyis
476 2701 603 2755 ergo
621 2686 975 2754 permissivae,
997 2689 1058 2736 ut
1080 2683 1241 2736 verbo
1267 2682 1450 2747 dicam,
1471 2686 1770 2755 praeceptio
1794 2703 1969 2739 omnes
1991 2684 2127 2740 cives

288 2764 498 2838 obligat,
519 2767 810 2836 permissio
837 2765 1109 2819 neminem.

851 2947 863 2975 ¹
888 2946 1012 2997 [conf.
1031 2947 1215 2986 Praelect.
1233 2958 1330 2986 vm.
1349 2948 1455 2985 Sect.
1475 2945 1560 2995 10.]

283 3073 389 3118 that
422 3088 583 3132 genus.
647 3075 749 3120 The
784 3076 1044 3129 command,
1088 3077 1183 3121 and
1211 3077 1294 3122 the
1334 3082 1621 3136 consequent
1658 3078 1915 3136 obligation
1953 3078 2126 3137 belong

284 3148 335 3187 to
359 3144 442 3188 the
465 3159 611 3202 genus
630 3147 756 3190 Law.
803 3147 898 3190 For
921 3148 1146 3205 example.
1198 3148 1299 3191 The
1319 3149 1429 3192 Law
1449 3150 1642 3206 permits
1667 3164 1810 3206 usury
1830 3154 1880 3193 at
1898 3163 1928 3193 a
1948 3151 2126 3194 certain

285 3214 525 3259 moderate
548 3220 664 3268 rate,
694 3216 806 3260 with
831 3231 860 3260 a
883 3218 1074 3275 penalty
1097 3218 1173 3262 for
1201 3218 1336 3263 those
1361 3219 1465 3263 that
1486 3220 1661 3264 exceed
1691 3220 1796 3264 that
1824 3224 1941 3264 rate.
2006 3221 2126 3265 Now

284 3284 494 3329 whether
512 3300 655 3343 usury
679 3286 739 3330 be
759 3288 956 3345 morally
975 3302 1135 3345 wrong
1155 3302 1209 3332 or
1227 3294 1324 3341 not,
1343 3290 1382 3333 it
1401 3290 1440 3334 is
1460 3291 1588 3348 plain
1608 3290 1711 3334 that
1731 3291 1794 3348 by
1815 3290 1929 3335 such
1954 3305 1983 3334 a
2001 3292 2126 3344 Law,

285 3369 347 3400 no
369 3369 459 3400 one
482 3356 521 3401 is
548 3357 733 3413 obliged
762 3362 812 3401 to
839 3359 1039 3415 practise
1074 3373 1228 3417 usury.
1287 3361 1383 3404 But
1419 3374 1675 3413 moreover,
1699 3361 1780 3405 the
1805 3362 1916 3405 Law
1939 3362 2127 3407 further

285 3427 483 3484 implies,
503 3427 722 3485 formally
737 3428 831 3471 and
850 3430 1098 3488 expressly,
1121 3429 1225 3474 that
1244 3443 1307 3473 no
1333 3444 1423 3474 one
1446 3431 1614 3475 should
1638 3433 1837 3489 require,
1856 3432 1932 3476 for
1955 3447 2126 3491 money

284 3498 399 3550 lent,
417 3512 548 3542 more
567 3499 683 3543 than
702 3499 784 3543 the
804 3500 928 3557 legal
952 3505 1079 3553 rate;
1110 3501 1203 3544 and
1227 3501 1447 3559 virtually
1466 3502 1560 3544 and
1583 3502 1647 3560 by
1667 3517 2000 3561 consequence,
2020 3505 2125 3549 that

285 3582 348 3613 no
380 3583 469 3613 one
506 3570 625 3614 shall
649 3571 709 3614 be
734 3571 966 3628 punished
995 3571 1072 3616 for
1104 3572 1267 3629 taking
1300 3571 1381 3616 the
1413 3573 1667 3630 permitted
1691 3579 1807 3619 rate.
1869 3576 1927 3619 In
1962 3590 1994 3619 a
2019 3590 2124 3634 per-

284 3641 470 3685 missive
494 3642 620 3695 Law,
642 3642 723 3687 the
749 3643 861 3687 Law
887 3643 1063 3702 obliges
1099 3644 1164 3689 all
1197 3643 1280 3688 the
1306 3644 1506 3698 citizens,
1534 3644 1616 3690 the
1638 3646 1923 3692 Permission
1947 3647 2124 3706 obliges

284 3724 349 3756 no
371 3725 471 3756 one.
