2482 4166
866 279 1248 323 PRAELEOTIO
1289 279 1509 324 PRIMA.
2082 279 2113 328 5

273 406 471 479 pariter
498 400 624 460 ‘scit.
715 405 837 459 Sive
883 405 996 469 hoc,
1027 401 1149 459 'sive
1188 405 1275 458 illo
1321 405 1473 458 modo
1511 403 1793 476 accipiatur
1829 424 1933 460 vox
1975 412 2111 463 Con-

270 490 510 542 scientiae
531 508 552 550 ;
594 487 745 541 reddi
775 494 946 558 potest
987 487 1120 540 ratio
1151 486 1385 549 nominis,
1435 487 1566 555 (sive
1608 506 1720 540 rem
1758 490 1939 557 ipsam
1967 507 2110 559 spec-

271 576 455 632 temuS,
474 569 582 623 sive
604 589 760 624 usum
791 571 1039 640 loquendi
1060 569 1199 641 apud
1228 569 1475 639 probatos
1503 569 1788 639 authores‚)
1818 588 1912 623 nec
1940 570 2111 625 aliena

269 651 503 715 multum,
534 670 628 704 nec
655 651 954 723 incongrua.

395 734 462 787 V.
542 736 739 787 Primo
782 733 933 795 enim,
986 751 1100 785 cum
1135 734 1296 785 multi
1339 731 1477 786 idem
1524 731 1705 796 sciunt,
1756 739 1809 786 et
1858 736 2111 789 Conscire

271 813 371 867 dici
398 821 627 884 possunt,
658 822 712 868 et
748 817 960 870 Conscii
988 814 1088 867 dici
1115 814 1297 868 solent.
1373 814 1458 868 Sic
1488 818 1689 868 conscii
1718 817 2109 884 conjurationis

279 897 626 950 Catilinariae
656 896 780 950 dicti
817 903 952 959 sunt,
985 914 1113 966 quos
1141 896 1227 949 ille
1255 896 1309 948 in
1337 896 1543 949 sceleris
1571 896 1867 951 societatem
1898 898 2107 970 delegit,

269 985 325 1031 et
373 978 567 1031 consilii
612 978 691 1032 sui
742 978 1104 1049 participavit:
1148 981 1230 1031 Et
1273 980 1514 1032 conscius
1564 998 1892 1033 arcanorum
1943 983 2111 1049 Reyis

270 1059 473 1123 dicitur,
513 1060 594 1114 cui
629 1060 835 1133 cognita
872 1067 992 1114 sunt
1028 1067 1082 1114 et
1119 1060 1414 1114 concredita
1450 1061 1649 1114 occulta
1683 1061 1843 1131 ipsius
1880 1062 2104 1116 consilia.

267 1145 597 1196 ——eAscitus
639 1145 700 1195 in
745 1145 1123 1197 conscientiam
1144 1145 1442 1212 facinoris,
1489 1142 1542 1194 in
1587 1143 1874 1196 Annalibus
1922 1143 2103 1198 Taciti.

272 1217 348 1277 fO
385 1227 436 1278 si
472 1228 712 1278 conscius
755 1236 886 1278 esset
925 1227 1013 1278 hic
1056 1226 1269 1286 Avitus,
1309 1224 1363 1276 in
1396 1224 1802 1296 Epigrammatis
1831 1225 2104 1280 Martialis„

270 1310 295 1343 g
312 1308 537 1360 Conscia
554 1309 739 1359 Matri
770 1309 934 1376 Viryo
947 1309 1085 1376 fuit,
1106 1307 1160 1358 in
1185 1305 1369 1360 Satiris
1392 1307 1431 1359 J
1437 1306 1683 1360 uveualis,
1727 1309 1801 1359 M
1799 1326 1978 1360 eorum
1998 1326 2106 1360 om-

269 1390 422 1440 nium
461 1390 807 1442 consiliorum
834 1390 1304 1458 periculorumque
1342 1390 1490 1441 testis
1519 1389 1761 1441 conscius
1789 1399 1839 1441 et
1868 1389 2104 1456 adjutor,

268 1469 323 1521 in
353 1469 669 1522 orationibus
693 1470 972 1523 Ciceronis,
1044 1469 1309 1522 Infinitum
1338 1475 1472 1521 esset
1501 1468 1673 1521 omnia
1702 1468 1962 1540 colligere,
1988 1488 2106 1539 quae

267 1550 322 1602 in
354 1551 488 1603 hanc
533 1569 645 1603 rem
686 1551 822 1604 inter
854 1550 1131 1622 legendum
1169 1549 1375 1621 optimae
1413 1556 1551 1603 notae
1593 1549 1884 1620 Scriptores
1913 1552 2103 1621 passim

267 1638 554 1685 occurrent.
643 1633 747 1685 Sed
796 1632 976 1685 isthaec
1022 1632 1179 1686 satis:
1236 1631 1335 1684 nisi
1378 1631 1514 1685 forte
1557 1649 1590 1684 a
1638 1650 1722 1684 me
1771 1631 1993 1704 exigitis,
2044 1640 2104 1687 ut

264 1713 457 1783 aliquid
500 1713 682 1767 saltem
724 1714 862 1784 quod
900 1715 1001 1767 huc
1038 1713 1162 1767 facit
1189 1732 1222 1767 a
1255 1715 1759 1767 Grammaticorum
1786 1714 1979 1767 lacunis
2016 1715 2100 1768 de-

264 1813 516 1866 promam.
601 1796 750 1850 Fiet:
791 1815 890 1848 non
923 1796 1062 1866 quod
1090 1796 1224 1849 tanti
1253 1795 1428 1849 valere
1455 1796 1644 1849 debeat
1677 1796 1817 1866 apud
1849 1814 1944 1849 nos
1981 1796 2102 1850 isto-

265 1895 380 1930 rum
409 1876 672 1930 hominum
700 1878 1004 1941 authoritaS,
1035 1878 1128 1931 sed
1157 1878 1293 1948 quod
1322 1877 1461 1930 hisce
1490 1877 1544 1929 in
1580 1878 1735 1931 rebus
1772 1878 2101 1931 Dictaturam

265 1958 377 2024 sibi,
409 1959 555 2029 quasi
575 1959 697 2030 jure
727 1960 949 2030 quodam
979 1978 1087 2025 suo,
1126 1977 1377 2031 arrogare
1414 1959 1627 2014 soleant.
1706 1963 1777 2012 In
1815 1962 1911 2013 hoc
1950 1963 2103 2029 diffe-

266 2052 395 2093 runt
448 2043 605 2095 Seius
657 2052 707 2094 et
768 2044 1021 2096 Conscius
1072 2043 1340 2109 (Nonium
1396 2040 1639 2109 auditis):
1698 2043 1857 2094 Seius
1906 2060 2098 2105 secum,

272 2125 523 2176 Conscius
552 2142 672 2176 cum
712 2125 825 2176 alio
861 2125 1005 2176 scius
1040 2134 1129 2176 est.
1219 2125 1301 2173 Ex
1329 2123 1427 2174 hac
1456 2121 1593 2174 vocis
1622 2121 1979 2193 originatione,
2011 2123 2100 2193 qui

272 2205 664 2257 Conscientiam
703 2204 893 2257 dictam
934 2210 1123 2273 putant
1161 2203 1307 2273 quasi
1345 2222 1465 2256 cum
1508 2204 1621 2257 alio
1659 2205 1958 2267 scientiam,
1998 2222 2103 2258 non

264 2284 418 2336 aliam
458 2285 724 2356 assignare
773 2291 1019 2355 poterunt
1068 2284 1337 2338 sententiae
1385 2302 1492 2337 suae
1542 2285 1794 2339 rationem
1841 2285 2097 2349 idoneam,

265 2383 421 2434 quam
449 2367 587 2435 quod
615 2385 718 2419 non
755 2369 907 2419 homo
939 2368 1084 2419 solus
1120 2366 1266 2420 novit
1304 2384 1421 2436 quae
1453 2373 1573 2419 sunt
1600 2385 1633 2420 a
1658 2384 1713 2419 se
1741 2367 1893 2430 facta,
1925 2368 2016 2420 sed
2046 2375 2100 2423 et

264 2448 458 2510 Deum,
490 2447 577 2516 qui
606 2454 867 2500 scrutatur
900 2448 1057 2500 corda
1089 2454 1142 2500 et
1183 2465 1350 2509 reneS,
1389 2448 1581 2501 habeat
1624 2448 1849 2501 omnium
1884 2467 2097 2518 operum

262 2546 486 2591 suorum,
517 2528 619 2581 imo
649 2536 703 2581 et
729 2528 1162 2582 abditissimarum
1201 2529 1569 2600 cogitationum
1602 2533 1871 2583 conscium
1912 2536 2099 2583 testem

262 2615 317 2661 et
343 2608 697 2679 inspectorem.
782 2613 890 2663 Res
918 2609 1122 2662 omnino
1148 2610 1445 2673 certissima,
1476 2609 1720 2681 quicquid
1749 2611 1815 2663 de
1843 2630 1964 2665 voce
1989 2611 2097 2665 fiat.

261 2692 406 2744 Ecce
436 2693 497 2744 in
541 2693 687 2744 calis
727 2694 875 2745 testis
914 2710 1060 2745 meus
1098 2703 1188 2754 est,
1233 2702 1283 2745 et
1327 2694 1568 2745 conscius
1612 2711 1758 2745 meus
1799 2693 2099 2768 (συνίστωρ

259 2774 384 2840 μου)
428 2775 489 2825 in
531 2775 763 2836 ecccelsis,
803 2775 922 2826 Job.
953 2772 1056 2826 xvi.
1091 2775 1180 2827 19.
1267 2775 1462 2826 Beatus
1507 2774 1662 2826 etiam
1701 2774 1907 2838 Paulus,
1940 2778 2095 2828 Rom.

260 2853 328 2907 ix·
373 2857 419 2906 1.
461 2872 574 2907 cum
614 2855 883 2908 Christum·
916 2855 1221 2908 advocasset
1264 2865 1444 2908 testem
1487 2855 1722 2909 veritatis
1756 2874 1935 2908 eorum
1979 2874 2097 2926 quae

259 2953 381 2987 mox
407 2935 635 2989 dicturus
655 2943 785 2998 erat,
817 2936 1074 2990 subnectit
1103 2936 1341 2989 continuo
1367 2934 1856 3012 συμμαρτυρούσης
1883 2962 1971 3000 μοι
1996 2939 2097 3003 τῆς

260 3009 623 3082 συνειδήσεως,
657 3020 1016 3071 testimonium
1053 3019 1220 3071 simul
1241 3020 1555 3088 perhibente
1582 3021 1720 3072 mihi
1752 3021 2093 3073 conscientia.

336 3203 353 3223 e
380 3197 503 3246 [Hist.
522 3208 555 3235 1.
573 3196 657 3245 25.]
812 3195 826 3222 t
848 3197 1024 3234 Martial.
1044 3209 1129 3237 ΧΠ.
1146 3200 1207 3235 24.
1358 3205 1378 3232 g
1404 3198 1590 3236 Juvenal.
1611 3197 1730 3236 Satir.
1749 3208 1841 3234 ΧΠ.
1867 3196 1921 3245 [v.
1938 3194 2019 3241 28.]

349 3313 391 3351 5.
455 3307 502 3350 It
521 3307 559 3351 is
580 3311 685 3350 true
704 3306 809 3350 that
833 3306 1004 3352 Conscii
1022 3309 1072 3351 in
1091 3310 1232 3352 Latin
1252 3306 1305 3361 is,
1326 3322 1376 3353 as
1397 3321 1484 3352 our
1503 3307 1674 3351 author
1698 3320 1816 3363 says,
1837 3304 2025 3363 applied
2044 3309 2096 3349 to

257 3390 451 3436 persons
481 3376 583 3421 who
613 3377 733 3420 have
762 3391 791 3421 a
815 3391 1014 3420 common
1042 3378 1317 3435 knowledge
1338 3378 1391 3422 of
1418 3392 1447 3421 a
1467 3378 1629 3434 design
1660 3390 1714 3419 or
1740 3381 1905 3427 event3
1934 3375 2021 3418 but
2046 3376 2097 3418 in

258 3448 340 3492 the
364 3462 497 3492 sense
519 3448 573 3491 of
591 3447 865 3491 Conscientia
882 3447 1032 3490 which
1053 3461 1120 3490 we
1141 3448 1355 3491 consider
1379 3448 1429 3490 in
1448 3447 1541 3490 this
1561 3447 1702 3497 work,
1720 3446 1803 3489 the
1823 3445 2097 3502 knowledge

258 3532 454 3576 appears
475 3523 524 3561 to
555 3518 614 3562 be
636 3517 885 3561 conceived
911 3531 960 3561 as
993 3530 1209 3561 common
1232 3522 1283 3561 to
1307 3517 1389 3560 the
1413 3530 1522 3559 man
1543 3517 1592 3558 in
1620 3516 1693 3559 his
1717 3520 1808 3559 two
1835 3515 2098 3575 capacities,

258 3588 339 3632 the
369 3603 479 3632 man
503 3589 686 3640 known,
716 3588 811 3631 and
840 3587 921 3631 the
948 3601 1076 3631 same
1113 3601 1222 3630 man
1252 3588 1484 3643 knowing.
1564 3585 1665 3630 The
1696 3585 1901 3630 author's
1931 3586 2099 3630 notion

257 3657 361 3702 that
389 3659 639 3702 Conscience
668 3659 851 3715 implies
882 3672 912 3700 a
942 3658 1214 3715 knowledge
1238 3656 1390 3700 which
1414 3670 1482 3700 we
1518 3656 1637 3701 have
1662 3657 1712 3700 in
1736 3670 1954 3701 common
1983 3656 2097 3701 with

259 3727 379 3780 God,
402 3729 441 3773 is
464 3729 625 3773 rather
648 3729 844 3772 fanciful
869 3728 984 3772 than
1009 3728 1141 3772 solid.
