2482 4166
10 2139 17 2143 ι
0 2074 20 2127 nixa}
0 1902 21 2059 *teum-*2⁸:22³
0 1825 17 1888 4412
8 1809 10 1811 ψ
6 1758 18 1791 q*
1 1715 13 1742 ⁹».
12 1663 14 1665 ,
12 1642 15 1647 ,

1 2494 6 2501 -
0 2177 22 2458 &favamma-5⁴*-
0 2144 18 2173 ῆι

884 268 1266 314 PRAELEOTIO
1308 270 1532 316 SEXTA.
2020 268 2045 317 1
2055 267 2125 322 87

278 406 449 475 potest
476 398 531 452 in
561 412 682 452 casu
710 396 989 469 propositO,
1018 396 1141 468 quia
1184 404 1321 451 esset
1364 407 1558 451 contra
1599 400 1915 468 hypothesin
1933 422 1956 462 ;
2000 420 2121 475 sup-

279 482 513 554 ponimus
553 481 704 542 enim,
753 479 880 533 alias
929 499 1078 550 oequo
1125 479 1262 533 inter
1312 497 1400 532 eos
1431 481 1560 548 jure
1602 482 1857 534 contendi.
1947 487 2121 539 Ratio

230 572 260 613 2
280 567 531 626 secunda,
563 581 629 616 ex
656 562 757 615 alia
784 561 963 615 itidem
998 561 1131 632 juris
1159 561 1359 634 regula,
1396 565 1542 624 Quia
1570 565 1631 615 in
1658 582 1718 617 re
1746 566 1918 618 dubia
1954 569 2123 619 tutior

271 666 415 717 pars
454 657 530 700 est
564 647 827 715 eligenda.
918 646 990 697 Et
1032 644 1238 697 omnino
1277 644 1439 698 tutius
1482 651 1561 698 est
1604 645 1876 700 dubitante
1933 648 2124 701 eonsci-

283 729 423 782 entia
459 731 684 791 obedire,
716 745 871 798 quam
909 726 1178 781 dubitante
1219 726 1531 780 conscientia
1563 746 1669 781 nort
1709 731 1920 784 obedire
1941 750 1958 783 .·
2001 730 2125 801 quia

281 812 444 865 tutius
488 818 567 865 est
610 810 664 863 in
708 811 905 863 honore
958 808 1307 881 superioribus
1350 809 1642 863 exhibendo
1681 815 1926 867 excedere
1970 831 2124 883 quem

230 901 260 941 3
284 894 474 947 debeas
499 894 721 956 modum,
754 911 909 962 quam
937 892 1004 945 ab
1027 910 1088 944 eo
1117 894 1347 961 deficere.
1435 894 1607 945 Ratio
1637 896 1817 957 tertia,
1848 912 1914 947 ex
1943 895 2125 948 eadem

283 975 439 1029 etiam
472 975 671 1047 regula,
709 973 831 1045 quia
858 974 1174 1046 generaliter
1201 974 1363 1027 tutius
1391 981 1484 1037 est,
1514 981 1574 1027 ut
1600 975 1713 1045 quis
1741 994 1797 1029 se
1827 978 2125 1047 obliyatum

274 1057 472 1129 judicet
501 1057 588 1128 qui
616 1059 750 1110 liber
769 1063 863 1122 est,
894 1074 1049 1126 quam
1071 1063 1130 1110 ut
1152 1058 1378 1110 liberum
1404 1075 1460 1110 se
1490 1057 1684 1121 credat,
1707 1076 1821 1111 cum
1852 1059 1919 1112 sit
1937 1077 2126 1113 revera

282 1142 568 1210 obliyatus.
657 1140 788 1193 Cum
828 1138 964 1191 enim
1007 1157 1073 1192 ex
1110 1139 1289 1192 innata
1321 1139 1491 1192 cordis
1532 1141 1744 1193 humani
1778 1141 2057 1212 pravitate,
2092 1159 2125 1195 a

282 1225 458 1276 nimia
491 1225 737 1275 audacia
770 1221 957 1292 saepius
996 1239 1150 1291 quam
1187 1239 1219 1275 a
1261 1224 1430 1275 nimio
1462 1233 1605 1275 metu
1647 1230 1921 1293 peccetur3
1966 1231 2125 1294 atque

282 1306 350 1358 ad
385 1307 571 1359 carnis
602 1306 877 1358 licentiam
904 1304 1239 1374 procliviores
1275 1322 1428 1374 quam
1471 1322 1569 1374 par
1612 1312 1705 1368 est,
1751 1313 1805 1359 et
1846 1306 1915 1359 ad
1937 1310 2124 1376 feren-

283 1390 414 1440 dum
429 1388 624 1457 juyum
651 1386 818 1439 minus
847 1386 1102 1457 patientes
1130 1386 1286 1438 simus
1315 1404 1490 1439 omnes
1513 1406 1525 1440 :
1565 1386 1619 1438 ni
1646 1387 1794 1440 firmo
1819 1388 1977 1441 animi
2005 1406 2125 1459 pro-

282 1470 449 1540 posito
467 1470 613 1522 nobis
631 1476 752 1522 ante
774 1467 993 1530 steterit,
1011 1468 1212 1540 legibus
1229 1486 1346 1537 quae
1363 1486 1467 1520 non
1485 1474 1605 1521 sunt
1623 1469 1892 1522 evidenter
1908 1471 2125 1539 injustae

281 1552 569 1622 parendum
599 1568 724 1612 esse,
756 1556 1005 1622 suggeret
1031 1550 1177 1602 nobis
1199 1549 1417 1603 subinde
1435 1552 1739 1620 prudentia
1755 1554 1957 1614 carnis,
1983 1570 2125 1605 acce-

282 1635 439 1687 dente
459 1634 614 1687 etiam
643 1632 897 1702 serpentis
918 1638 1049 1695 astu,
1082 1650 1170 1685 eas
1197 1635 1577 1695 excusationes,
1602 1650 1720 1704 quae
1748 1651 1842 1687 nos
1871 1635 1939 1687 ab
1963 1633 2122 1687 officio

280 1716 378 1769 hac
404 1716 457 1768 in
482 1721 634 1787 parte
658 1713 953 1786 praestando
983 1713 1260 1785 saepissime
1289 1713 1587 1786 impediant.
1645 1717 1716 1769 Et
1744 1716 1856 1770 haeo
1880 1717 1946 1771 de
1963 1719 2124 1770 dubio

281 1809 491 1869 quarto,

407 1882 614 1935 XVIII.
698 1880 944 1951 Sequitur
986 1897 1259 1943 QUINTUM,
1296 1882 1361 1933 de
1397 1881 1540 1950 Leye
1576 1883 1919 1934 Permissiva
1948 1884 2123 1935 mali:

279 1964 369 2016 An
404 1966 478 2017 sic
514 1965 689 2026 licita,
734 1974 784 2017 et
822 1973 1122 2034 quatenus;
1171 1973 1220 2016 et
1259 1982 1334 2015 αη
1379 1973 1428 2016 et
1472 1973 1735 2031 quatenus
1772 1965 2120 2033 obliqatoria.

282 2045 389 2099 Ubi
405 2045 654 2117 imprimis
672 2046 1053 2099 observandum
1076 2051 1171 2108 est,
1197 2046 1340 2115 Lege
1352 2047 1606 2114 permitti
1626 2063 1775 2115 posse
1800 2064 1911 2099 rem
1934 2046 2123 2099 malam

231 2146 253 2186 1
280 2127 584 2198 tripliciter:
620 2130 912 2197 privative,
953 2126 1161 2189 scilicet,
1200 2128 1460 2195 neyative,
1492 2133 1546 2179 et
1574 2129 1825 2197 positive.
1913 2131 2124 2181 Priva-

281 2212 388 2262 tive
421 2212 690 2279 permitti,
735 2210 873 2262 idem
915 2215 994 2262 est
1029 2209 1169 2278 quod
1197 2226 1229 2260 a
1265 2207 1589 2279 Legislatore
1609 2212 2001 2278 praetermitti.-
2044 2210 2117 2263 sic

280 2291 452 2345 omnia
476 2291 564 2345 illa
583 2294 994 2362 permittuntur,
1032 2291 1099 2343 de
1134 2289 1320 2360 quibus
1356 2290 1439 2344 vel
1474 2291 1811 2361 prohibendis
1849 2292 1934 2346 vel
1975 2293 2123 2364 puni-

281 2481 346 2528 ecl.
425 2484 527 2529 The
546 2484 807 2541 Legislator
830 2485 869 2528 is
899 2484 948 2527 in
966 2484 1228 2541 possession
1250 2483 1305 2528 of
1329 2483 1593 2542 authority3
1632 2484 1726 2527 and
1743 2483 1808 2542 by
1831 2485 2123 2543 supposition

281 2556 415 2600 there
435 2556 473 2599 is
493 2569 555 2599 no
577 2555 776 2599 decisive
796 2560 1043 2612 argument
1063 2555 1244 2612 against
1264 2555 1378 2599 him.

375 2627 469 2669 2nd
497 2627 711 2670 Reason:
757 2627 900 2670 From
937 2625 1019 2670 the
1048 2626 1171 2670 Rule
1200 2625 1305 2670 that
1335 2626 1384 2668 in
1415 2624 1635 2669 doubtful
1667 2629 1863 2669 matters
1895 2630 1965 2671 we
1997 2632 2124 2672 must

283 2697 453 2742 choose
489 2697 571 2741 the
608 2697 706 2742 safe
743 2697 857 2742 side.
933 2698 980 2740 It
1018 2697 1056 2741 is
1090 2696 1214 2740 safer
1246 2703 1295 2740 to
1328 2697 1450 2754 obey
1488 2697 1604 2740 than
1633 2701 1684 2740 to
1721 2697 1914 2755 disobey
1947 2697 2061 2742 with
2095 2713 2124 2742 a

283 2769 502 2813 doubtful
536 2769 831 2821 conscience3
882 2768 957 2812 for
992 2768 1030 2812 it
1063 2768 1102 2811 is
1136 2767 1261 2812 safer
1293 2772 1344 2812 to
1379 2781 1457 2811 err
1491 2767 1540 2811 in
1579 2781 1735 2812 exoess
1769 2768 1824 2812 of
1851 2768 2036 2813 honour
2072 2774 2122 2813 to

281 2840 513 2898 superiors
546 2839 660 2883 than
696 2840 746 2882 in
783 2839 951 2884 defect.

373 2911 458 2955 3rd
481 2912 691 2954 Reason:
732 2911 874 2955 From
898 2910 980 2955 the
1001 2924 1128 2954 same
1148 2910 1300 2962 Rule3
1339 2911 1385 2953 It
1405 2910 1443 2955 is
1470 2907 1596 2955 safer
1614 2914 1665 2953 to
1685 2910 1868 2954 believe
1888 2912 2121 2956 ourselves

281 2981 469 3040 obliged
487 2982 623 3026 when
645 2996 714 3026 we
736 2996 815 3025 are
840 2982 989 3040 really
1015 2982 1130 3034 free,
1157 2981 1274 3025 than
1304 2985 1354 3025 to
1380 2981 1560 3026 believe
1589 2981 1823 3025 ourselves
1858 2981 1958 3025 free
1986 2982 2122 3026 when

280 3067 350 3096 we
389 3067 469 3096 are
496 3053 644 3111 really
671 3053 872 3110 obliged.
951 3054 1046 3097 For
1074 3066 1144 3096 we
1170 3052 1356 3096 oftener
1388 3066 1465 3096 err
1493 3052 1617 3095 from
1651 3051 1980 3096 overboldness
2007 3052 2124 3096 than

282 3121 405 3165 from
422 3123 551 3174 fear3
586 3124 710 3167 from
728 3124 1010 3180 impatience
1031 3123 1086 3166 of
1101 3124 1359 3166 constraint
1378 3122 1495 3166 than
1514 3123 1639 3166 from
1663 3122 1892 3179 patience.
1957 3123 2122 3167 Hence

282 3205 352 3235 we
376 3197 501 3236 must
519 3194 658 3236 make
686 3194 724 3236 it
754 3207 840 3236 our
863 3193 1078 3236 habitual
1102 3193 1288 3244 maxim,
1313 3193 1418 3236 that
1441 3193 1552 3236 laws
1577 3198 1661 3236 not
1682 3193 1927 3250 obviously
1946 3194 2122 3251 unJust,

284 3276 364 3306 are
384 3266 433 3305 to
454 3262 514 3306 be
540 3263 734 3320 obeyed,
755 3263 804 3305 in
826 3263 964 3307 order
983 3268 1034 3306 to
1061 3263 1206 3306 check
1231 3262 1347 3307 such
1370 3263 1695 3320 propensities.

378 3337 447 3376 18.
508 3334 659 3377 FIFTH
683 3333 866 3377 Doun‘r.
942 3334 989 3377 Is
1015 3347 1043 3376 a
1066 3333 1191 3385 Law,
1216 3334 1487 3390 permissive
1518 3333 1574 3377 of
1600 3333 1709 3385 evil,
1739 3333 1997 3387 allowable,
2027 3335 2122 3379 and

284 3404 389 3448 how
418 3403 521 3447 sar?
595 3404 642 3448 Is
665 3404 703 3447 it
723 3404 996 3461 obligatory,
1017 3404 1109 3446 and
1130 3403 1235 3447 how
1252 3403 1358 3446 far?

378 3474 421 3518 A
443 3476 555 3518 Law
580 3488 689 3534 may
717 3475 889 3533 permit
916 3475 1008 3519 evil
1031 3475 1082 3517 in
1107 3473 1242 3518 three
1274 3487 1413 3532 ways,
1436 3474 1720 3532 privatively,
1746 3475 2005 3534 neyatively,
2027 3476 2121 3520 and

280 3546 524 3605 positively.

258 3631 265 3635 ·
372 3617 665 3675 Privatively,
684 3617 819 3661 when
839 3617 877 3661 it
901 3617 940 3661 is
967 3620 1052 3660 not
1082 3615 1383 3660 mentioned:
1424 3616 1473 3659 in
1503 3615 1596 3660 this
1621 3629 1756 3660 sense
1786 3617 2060 3677 everything
2081 3618 2120 3663 is

280 3688 534 3748 permitted
557 3688 633 3732 for
652 3688 803 3732 which
823 3702 885 3732 no
907 3687 1195 3746 prohibition
1218 3701 1271 3731 or
1290 3701 1352 3731 no
1378 3687 1571 3746 penalty
1588 3688 1626 3732 is
1647 3688 1888 3745 provided.

372 3760 642 3817 Neyatively,
681 3759 817 3805 when
854 3759 937 3805 the
983 3759 1187 3804 exercise
1222 3758 1278 3803 of
1318 3772 1346 3802 a
1383 3759 1509 3816 rIght
1544 3759 1582 3804 is
1622 3759 1809 3803 defined
1840 3760 1905 3818 by
1939 3760 2119 3805 certain
