2482 4166
351 301 456 352 234⁴
535 308 621 351 DE
662 306 891 352 LEGUM
930 305 1357 351 HUMANARUM
1398 304 1603 352 CAUSA
1642 305 2037 350 EFFIOIENTE.

354 456 556 492 omnem
586 443 639 491 et
666 436 1026 491 auctoritatem
1061 435 1330 507 accipiunt,
1370 437 1611 506 obliqare
1646 435 1966 506 aliquatenus
2008 442 2062 490 et
2104 438 2188 489 in-

353 524 551 575 directe
578 520 844 574 universos
865 527 918 573 et
948 519 1173 591 singulos
1201 519 1358 571 totius
1380 518 1553 591 Regni
1580 518 1826 584 subditos.
1916 519 2022 572 Sed
2059 518 2186 571 utri-

352 622 514 674 usque
563 605 906 673 obliyationis
964 620 1057 654 nec
1100 601 1280 654 eadem
1321 601 1455 654 ratio
1499 607 1592 663 est,
1647 619 1741 653 nec
1789 601 1983 672 gradus
2032 600 2186 654 idem.

360 688 622 755 Obliyant
649 685 784 739 enim
812 686 896 737 hae
931 686 1082 753 leyes,
1127 702 1249 754 suos
1285 683 1506 752 quidem,
1546 689 1607 735 ut
1651 700 1738 735 eas
1785 683 2061 755 diligenter
2107 684 2189 736 ob-

354 779 561 822 servent
579 791 596 821 .-
640 769 874 837 reliquos
901 784 1025 820 vero
1063 765 1311 817 hactenus
1346 770 1550 817 tantum
1592 765 1850 833 obliyant,
1879 782 1947 817 ne
1976 782 2063 817 eas
2098 764 2190 817 ali-

356 868 458 920 quo
503 849 655 902 modo
706 850 917 910 violent,
964 847 1368 910 imminuancve,
1423 850 1514 898 aut
1556 861 1735 897 earum
1779 845 2191 900 observationem

354 931 654 1003 impediant.

483 1013 687 1065 XXIX.
774 1013 1009 1063 DUmUM
1055 1024 1328 1070 QUINTUM,
1380 1007 1445 1060 de
1495 1009 1733 1077 Leyibus
1783 1010 2192 1063 Ecclesiasticis

355 1098 418 1148 in
445 1096 630 1164 specie.
717 1094 875 1145 Posse
920 1092 986 1144 de
1027 1109 1161 1144 novo
1204 1089 1352 1143 condi
1395 1092 1558 1159 Leyes
1594 1090 1659 1143 de
1701 1090 1901 1153 ritibus,
1944 1093 2101 1145 rebus
2138 1097 2192 1143 et

346 1177 597 1246 personis
625 1175 1047 1235 Ecclesiastici8‚
1088 1172 1423 1241 omnibusque
1466 1171 1599 1224 sacri
1643 1171 1810 1225 cultus
1854 1172 2058 1225 externi
2086 1175 2192 1226 cir-

357 1258 702 1311 cumacti-uiis
730 1256 799 1308 ad
828 1254 1076 1317 ordinem,
1109 1255 1431 1307 honestatem
1460 1260 1513 1306 et
1542 1253 1929 1307 aedificationem
1958 1261 2192 1324 spectan-

356 1340 509 1402 tibus,
541 1345 692 1392 extra
721 1355 807 1390 eas
837 1355 953 1408 quae
982 1343 1102 1390 sunt
1129 1354 1162 1388 a
1193 1335 1401 1388 Christo
1439 1342 1492 1389 et
1527 1335 1637 1405 ejus
1666 1335 1925 1406 Apostolis
1953 1335 2007 1389 in
2036 1335 2193 1389 sacris

358 1421 523 1475 literis
550 1420 788 1482 traditae3
833 1420 964 1472 adeo
992 1418 1264 1472 manifesta
1291 1435 1378 1470 res
1407 1424 1486 1471 est
1522 1424 1575 1471 et
1612 1417 1802 1471 rationi
1831 1424 2190 1480 consentanea,

359 1511 418 1556 ut
444 1502 673 1573 perversi
694 1501 874 1572 judicii
902 1500 1246 1570 obstinatique
1267 1499 1423 1553 animi
1446 1517 1501 1554 se
1530 1500 1816 1571 suspicione
1838 1518 1980 1573 aegre
2008 1500 2195 1553 libera-

360 1585 514 1647 verit,
556 1584 644 1654 qui
680 1584 839 1637 siccus
882 1590 936 1636 et
975 1583 1175 1636 sobrius
1216 1582 1503 1655 negaverit.
1596 1583 1700 1636 Sed
1729 1581 1871 1653 cujus
1912 1582 1979 1636 sit
2011 1583 2195 1636 Eccle-

360 1669 619 1721 siasticas
668 1668 835 1735 Leyes
884 1665 1120 1728 condere,
1176 1684 1241 1717 ex
1300 1683 1400 1734 quo
1450 1664 1504 1716 in
1550 1664 1755 1718 diversa
1802 1664 1972 1717 studia
2019 1664 2195 1717 abiere

373 1750 643 1818 Theoloyi,
675 1766 859 1818 parum
887 1747 1024 1799 inter
1053 1752 1229 1816 partes
1252 1746 1504 1799 convenit.
1549 1748 1837 1814 Pontzficii,
1868 1745 1959 1817 qui
1987 1745 2194 1799 clericos
2220 1751 2241 1792 1

362 1832 429 1883 ab
477 1831 614 1883 omni
658 1831 838 1883 civilis
867 1830 1242 1898 Mayistratus
1282 1827 1638 1898 jurisdictione
1686 1838 1947 1897 exemptos
1997 1827 2192 1890 volunt,

364 1913 451 1981 (de
480 1929 583 1981 qua
611 1910 960 1964 controversia
987 1928 1091 1962 non
1119 1916 1199 1962 est
1219 1927 1354 1962 nunc
1377 1909 1672 1979 disputandi
1698 1909 1878 1978 locUS‚)
1902 1911 2195 1979 Episcopi-3

364 1994 499 2055 soliS,
530 1993 685 2063 inque
714 1992 788 2045 eis
816 2009 1011 2044 summo
1042 1993 1302 2059 Pontifici
1330 1991 1572 2054 maxime,
1605 2009 1758 2060 quem
1786 1993 2195 2045 OEcumenicum

363 2078 699 2145 Episcopum
723 2073 1025 2146 praedicant,
1062 2073 1160 2125 hoc
1186 2072 1320 2142 juris
1354 2079 1607 2134 asserunt,
1647 2079 1707 2125 ut
1734 2072 1857 2142 ipsis
1884 2075 2049 2141 Leyes
2077 2090 2195 2125 con-

365 2159 491 2210 dere
516 2157 682 2220 liceat,
713 2175 829 2226 quae
858 2173 962 2207 non
998 2155 1326 2208 Clericorum
1349 2154 1501 2207 modo
1542 2153 1633 2207 sed
1672 2160 1726 2207 et
1750 2155 2051 2207 Laicorum
2078 2172 2196 2206 con-

364 2239 600 2292 scientias
629 2239 874 2309 obligent,
906 2236 1062 2290 etiam
1084 2236 1194 2289 sine
1216 2254 1465 2289 consensu
1494 2236 1577 2289 vel
1604 2235 1810 2288 licentia
1824 2237 2197 2305 Mayistratus

364 2323 613 2374 Politioi.
703 2322 965 2390 Papismi
1006 2320 1143 2371 hunc
1185 2317 1473 2380 articulum,
1508 2324 1567 2370 ut
1606 2324 1659 2370 et
1693 2317 1821 2370 alios
1858 2335 1962 2369 non
1990 2318 2194 2387 paucos,
2219 2327 2249 2368 2

367 2405 587 2471 (mutata
614 2409 818 2456 tantum
838 2418 1092 2471 persona,
1130 2403 1377 2470 doymate
1406 2417 1509 2452 non
1535 2400 1772 2468 mutat0,)
1802 2398 2197 2469 amplectuntur,

366 2485 456 2554 qui
485 2503 539 2537 se
568 2491 742 2538 tamen
769 2485 1022 2554 Papismi
1050 2483 1327 2536 acerrimos
1352 2482 1525 2534 hostes
1554 2480 1877 2552 profitentur,
1909 2480 2000 2533 sed
2029 2479 2200 2532 omnia

366 2566 572 2619 interim
601 2566 720 2619 novi
742 2566 1094 2618 interturbant
1123 2563 1277 2625 Davi,
1309 2565 1710 2633 Disciplinarii
1730 2561 1894 2614 nostri
1917 2563 2200 2630 Reforma-

371 2658 506 2700 tores
525 2665 543 2697 .·
584 2647 672 2716 qui
712 2665 913 2698 omnem
951 2651 1278 2715 potestatem,
1320 2644 1702 2707 auctoritatem,
1733 2645 2200 2697 Jurisdictionem-

369 2747 467 2797 que
517 2729 962 2781 Ecclesiasticam
1013 2725 1246 2797 Regibus
1302 2725 1614 2795 ademptam,
1674 2725 1771 2778 sibi
1827 2724 1942 2778 unis
1996 2724 2202 2795 suisque

463 2917 534 2957 29.
600 2910 700 2954 The
725 2912 876 2954 me
904 2912 1072 2955 Douss'r
1097 2912 1135 2956 is
1157 2911 1437 2968 concerning
1461 2906 1805 2954 Ecclesiastical
1828 2909 1960 2954 Laws
1985 2910 2035 2952 in
2057 2910 2203 2966 parti-

371 2982 512 3026 cular.
588 2982 635 3025 It
659 2982 697 3024 is
728 2982 916 3025 evident
945 2982 1049 3025 that
1078 2995 1181 3025 new
1210 2982 1343 3025 Laws
1378 2981 1658 3037 concerning
1687 2979 1861 3036 Things
1886 2980 1979 3022 and
2002 2981 2202 3023 Persons

369 3053 727 3104 Ecclesiastical‚
754 3052 847 3095 and
873 3052 956 3096 the
982 3053 1336 3096 circumstances
1365 3051 1419 3095 of
1444 3051 1653 3095 external
1676 3049 1909 3107 Worship,
1933 3050 2128 3107 tending
2149 3054 2200 3093 to

372 3124 577 3181 decency
607 3124 700 3167 and
721 3124 1000 3176 edification,
1021 3137 1130 3182 mayr
1148 3123 1209 3167 be
1232 3123 1384 3175 made,
1409 3122 1459 3165 in
1485 3121 1696 3165 addition
1719 3124 1769 3164 to
1794 3120 1929 3164 those
1953 3120 2103 3164 which
2123 3134 2202 3163 are

372 3195 607 3239 delivered
626 3195 690 3253 by
716 3194 872 3239 Christ
893 3194 987 3238 and.
1010 3194 1083 3238 hIs
1104 3194 1319 3252 Apostles
1340 3194 1389 3236 in
1409 3193 1491 3236 the
1515 3193 1790 3250 Scriptures.
1868 3190 1970 3235 The
1989 3191 2204 3249 question

371 3267 423 3317 is,
444 3266 567 3310 Who
589 3279 669 3310 are
693 3270 743 3309 to
764 3266 902 3309 make
922 3265 1265 3310 Ecclesiastical
1289 3264 1455 3309 Laws?

464 3342 505 3381 1.
565 3338 652 3381 The
675 3337 861 3394 Papists
885 3350 979 3395 say,
997 3336 1080 3380 the
1100 3336 1297 3393 Bishops
1319 3336 1470 3387 alone,
1490 3333 1584 3378 and
1608 3333 1858 3392 especially
1875 3331 1959 3377 the
1985 3334 2205 3376 OEcume-

371 3408 495 3451 nical
515 3408 703 3466 Bishop,
721 3408 803 3452 the
823 3409 969 3466 Pope,
990 3421 1091 3460 can,
1110 3407 1307 3450 without
1327 3406 1409 3450 the
1431 3409 1624 3450 consent
1644 3419 1697 3448 or
1716 3405 1893 3447 licence
1914 3403 1968 3446 of
1986 3404 2068 3447 the
2088 3403 2206 3447 Civil

371 3479 659 3536 Magistrate,
684 3479 820 3522 make
844 3480 976 3523 Laws
997 3477 1149 3522 which
1166 3478 1281 3522 bind
1300 3481 1384 3521 not
1405 3477 1516 3534 only
1537 3476 1706 3533 Clergy
1724 3475 1811 3518 but
1831 3474 1987 3532 Laity.

464 3555 508 3593 2.
577 3551 666 3594 The
682 3551 921 3602 Puritans,
945 3550 996 3592 in
1019 3549 1112 3593 this
1138 3563 1187 3593 as
1209 3549 1259 3591 in
1279 3548 1416 3592 other
1436 3560 1577 3599 cases,
1598 3546 1824 3603 adopting
1842 3544 1925 3588 the
1945 3544 2135 3601 dogmas
2157 3542 2211 3587 of

375 3618 457 3663 the
489 3621 690 3678 Papacy,
720 3621 814 3663 and
847 3620 1078 3677 changing
1110 3620 1219 3677 only
1256 3619 1338 3662 the
1374 3631 1582 3676 persons,
1607 3617 1744 3661 claim
1774 3615 1837 3658 all
1865 3613 2208 3659 Ecclesiastical

370 3690 665 3744 jurisdiction
689 3690 765 3734 for
788 3691 912 3734 their
939 3691 1116 3735 Classes
1142 3690 1236 3734 and
1261 3689 1589 3733 Conventions.

474 3765 515 3803 3.
584 3762 671 3804 The
713 3762 957 3805 Erastians
988 3762 1099 3804 take
1143 3761 1207 3804 all
1249 3758 1594 3804 Ecclesiastical
1630 3756 1925 3814 jurisdiction
1964 3755 2090 3799 from
2125 3753 2208 3797 the
