2482 4166
742 279 746 282 .
775 246 1160 291 PRAELEcTIO
1201 247 1453 293 TERTIA.
1967 239 2035 295 73

320 378 468 431 XIV.
550 377 635 429 De
684 376 996 428 Imitatione
1046 376 1313 428 Oratoria
1360 372 1525 427 multa
1569 374 1874 445 praecipiunt
1917 378 2037 430 rhe-

196 467 367 513 tores:
410 457 650 511 nimirum
693 457 868 510 futuro
918 459 1128 510 oratori
1170 456 1295 509 utile
1339 473 1465 518 esse,
1506 462 1565 509 ut
1605 456 1775 509 virum
1812 457 2036 527 aliquem

195 540 478 613 egregium,
520 547 574 593 et
616 540 670 592 in
719 538 922 592 dicendi
967 538 1211 591 facultate
1258 544 1592 608 praestantem
1632 538 1729 591 sibi
1762 546 2033 609 proponat,

196 641 347 693 quem
398 622 604 675 studeat
653 623 883 674 imitari.
975 620 1127 684 Quod
1177 620 1313 672 idem
1362 620 1430 672 ad
1481 620 1603 673 vitae
1645 620 2034 683 institutionem,

194 712 255 758 ut
300 704 504 757 salubre
557 710 888 774 praeceptum,
936 702 1323 755 accommodant
1363 704 1695 773 Philosophi.
1776 704 2038 756 Hortatur

197 789 431 840 Seneca⁰
477 792 537 839 ut
581 786 651 839 ad
698 785 911 856 alicujus
951 784 1125 837 eximii
1171 783 1568 855 praestantisque
1605 784 1706 837 viri
1742 786 2038 855 exemplum

196 869 354 922 vitam
398 885 668 937 moresque
716 885 1114 937 componamus:
1158 868 1408 936 Lonyum
1452 869 1594 919 enim
1642 870 1749 921 iter
1797 886 1904 921 esse
1934 886 2037 938 per

193 962 480 1020 praecepta,
512 953 663 1003 breve
691 960 740 1003 et
769 953 952 1020 efficax
970 968 1076 1021 per
1104 950 1361 1019 exempla.
1424 950 1496 1002 Et
1523 950 1684 1003 habet
1711 951 2038 1019 Exemplum

197 1032 517 1103 conjunctam
558 1050 672 1085 cum
718 1032 930 1085 suadela
967 1038 1020 1084 et
1053 1031 1275 1084 utilitate
1314 1032 1711 1085 oblectationem
1740 1032 2030 1102 quandam:

197 1115 327 1168 utin
356 1114 582 1185 puerulis
612 1114 789 1167 videre
819 1121 930 1177 est;
977 1114 1065 1183 qui
1090 1113 1307 1166 aliorum
1324 1115 1500 1182 jussis·
1529 1133 1643 1167 cum
1673 1133 1814 1186 aegre
1842 1115 2038 1167 obtem-

198 1204 397 1268 perent,
425 1199 594 1267 facta
639 1203 814 1250 tamen
851 1213 1042 1268 magna
1087 1214 1201 1248 cum
1249 1196 1518 1266 voluptate
1561 1196 1842 1250 imitantur.
1932 1196 2039 1250 Sed

198 1286 407 1332 monent
451 1285 624 1332 tamen
672 1278 759 1349 qui
804 1278 905 1331 ista
953 1277 1274 1349 praecipiunt,
1326 1278 1394 1330 ad
1446 1280 1568 1332 bene
1624 1290 1862 1350 recteque
1915 1282 2039 1332 imi-

200 1364 426 1414 tandum
454 1361 562 1413 acri
583 1360 775 1431 judicio
803 1378 930 1431 opus
955 1378 1080 1422 esse,
1104 1367 1164 1413 ut
1191 1360 1476 1430 prudenter
1494 1360 1747 1413 delectum
1774 1361 2037 1424 faciamuS,

198 1462 313 1496 cum
342 1462 522 1497 eorum
549 1445 823 1496 hominum
852 1460 978 1512 quos
1009 1441 1200 1494 imitari
1229 1441 1460 1503 velimuS,
1500 1448 1611 1494 tum
1640 1461 1828 1495 earum
1856 1458 2039 1496 rerum

197 1525 250 1577 in
279 1525 462 1595 quibus
489 1524 626 1594 ipsos
647 1524 921 1577 imitemur.
970 1523 1131 1576 Ridet
1160 1525 1405 1576 Fabiusp
1435 1524 1662 1576 elumbes
1683 1524 1932 1594 quosdam
1959 1526 2039 1593 (ut

196 1607 306 1677 ipse
328 1612 479 1660 vocat
500 1617 754 1668 oratores,
775 1605 863 1675 qui
888 1605 1127 1658 affectata
1145 1605 1368 1674 quadam
1387 1604 1678 1675 eloquentia
1696 1613 1749 1659 et
1763 1606 1902 1659 inani
1924 1625 2039 1660 ver-

196 1690 379 1742 borum
408 1687 622 1741 circuitu
655 1688 778 1740 dum
812 1689 1230 1741 Ciceronianum
1268 1686 1470 1739 dicendi
1509 1705 1673 1759 genus
1712 1689 2036 1752 aemulantur,

196 1789 439 1843 magnum
482 1789 538 1823 se
576 1769 701 1840 quid
744 1777 797 1823 et
846 1769 1089 1823 eximium
1132 1776 1431 1822 consecutos
1475 1769 1854 1834 existimabant,
1900 1772 1944 1825 si
1985 1772 2040 1824 in

198 1853 434 1907 clausulis
489 1853 793 1924 posuissent,
842 1855 982 1906 Esse
1027 1871 1185 1922 posse
1237 1854 1504 1905 videatur.
1598 1854 1762 1906 Notat
1819 1861 1873 1908 et
1928 1854 2039 1924 ipse

206 1939 389 1991 Cicero
424 1953 724 2006 perversam
758 1935 1082 2005 quorundam
1121 1936 1218 1987 hac
1251 1934 1304 1986 in
1334 1953 1392 1986 re
1426 1934 1762 2007 diligentiam,
1803 1936 1890 2006 qui
1920 1955 2038 2006 pro-

198 2018 376 2090 positis
404 2018 501 2070 sibi
529 2018 598 2071 ad
638 2017 941 2071 imitandum
979 2017 1188 2069 summis
1228 2016 1535 2078 oratoribuS,
1575 2019 1661 2069 nil
1702 2020 1923 2071 illorum
1955 2021 2039 2088 (ut

198 2102 282 2154 ille
327 2100 574 2171 loquitur)
630 2103 743 2153 nisi
798 2102 992 2152 vitium
1046 2110 1353 2169 sequuntur.
1444 2098 1624 2161 Qualis
1680 2107 1795 2154 erat
1848 2104 2040 2170 Fufius

200 2184 423 2255 quidam,
481 2185 540 2236 C.
573 2184 836 2234 Fimbrioe
881 2181 1003 2233 boni
1048 2180 1267 2233 oratoris
1311 2180 1541 2234 imitator
1585 2200 1689 2234 non
1734 2183 1928 2237 bonus:
1974 2184 2041 2237 de

200 2284 301 2337 quo
340 2266 415 2319 ita
456 2266 686 2327 incerO,
734 2282 916 2317 nervos
969 2264 1023 2316 0.
1068 2266 1126 2316 F
1122 2265 1332 2316 imbrice
1372 2266 1434 2316 in
1479 2265 1703 2318 dicendo
1752 2285 1857 2319 non
1900 2286 2040 2321 assc-

202 2350 408 2419 quitur,
454 2348 567 2400 oris
601 2348 942 2417 pravitatem
981 2348 1250 2398 imitatur.
1324 2345 1573 2399 Basilium
1622 2348 1874 2401 Caesareae
1915 2349 2040 2421 Epi-

201 2449 426 2501 scopum,
487 2430 552 2481 ob
610 2428 848 2481 eximiam
907 2428 1248 2481 eruditionem
1298 2436 1351 2482 et
1400 2428 1647 2499 pietatem
1699 2439 2039 2503 cognomento

201 2517 486 2583 Maqnum,
526 2511 581 2564 in
631 2517 776 2565 tanta
821 2510 976 2563 fuisse
1022 2511 1163 2580 apud
1205 2528 1381 2563 omnes
1430 2511 1807 2566 existimatione
1862 2514 2041 2567 scribit

201 2596 634 2657 Nazianzenusr,
680 2600 739 2646 ut
786 2611 890 2645 non
945 2592 1097 2663 pauci
1152 2592 1285 2646 tanti
1342 2592 1441 2646 viri
1505 2593 1589 2649 καὶ
1632 2592 1706 2649 τοὶ
1761 2594 2042 2660 σωματικὰ

202 2674 598 2744 ἐλαττώματα,
658 2675 905 2747 pallorem
963 2675 1082 2738 oriS,
1141 2675 1407 2738 incessum,
1467 2677 1673 2730 tardam
1733 2679 2041 2749 pronuncia-

201 2760 407 2824 tionem,
443 2760 644 2829 aliaque
680 2758 908 2829 corporis
946 2757 1087 2821 vitia,
1128 2758 1355 2811 studiose
1396 2758 1700 2813 affectarent
1740 2767 1793 2813 et
1835 2762 2042 2814 aemula-

201 2850 399 2900 rentur.
463 2841 905 2905 Quemadmodum
934 2859 1037 2892 non
1062 2840 1282 2893 defuisse
1300 2848 1557 2895 testantur
1579 2842 1685 2905 alii,
1704 2842 1792 2912 qui
1821 2843 2042 2897 Demos-

204 2927 375 2979 thenis
423 2923 599 2997 magni
651 2923 889 2976 Oratoris
940 2925 1365 2986 Rhotacismum,
1415 2930 1469 2977 et
1521 2926 1704 2978 summi
1743 2925 2042 2996 Philosophi

202 3009 514 3061 Aristotelis
542 3001 911 3082 τραυλότητα
942 3005 1168 3059 studiose
1206 3006 1524 3078 effingerent.

735 3104 751 3127 ⁸
764 3105 803 3149 O
832 3105 1089 3158 imitatores,
1118 3121 1293 3149 servum
1315 3107 1481 3163 pecus!

329 3203 447 3255 XV.
535 3204 725 3254 Jocum
766 3207 1034 3254 moverent
1060 3200 1162 3254 ista
1189 3201 1371 3264 fateor,
1412 3219 1631 3272 quaeque
1672 3202 1812 3272 apud
1853 3202 2043 3272 probos

205 3291 442 3337 auctores
479 3288 753 3335 occurrunt
790 3288 1032 3334 sexcenta
1066 3282 1177 3335 istis
1211 3283 1394 3335 similia
1409 3302 1678 3353 perversae
1713 3286 2042 3337 imitationis

255 3473 274 3493 ⁰
301 3465 447 3514 [Epist.
468 3464 538 3513 vi.]
1214 3472 1230 3492 ¹·
1256 3466 1390 3513 [Orat.
1409 3479 1474 3503 xx.
1492 3478 1532 3514 p.
1551 3465 1656 3513 37o.]

255 3534 276 3561 1>
303 3528 492 3576 [Quintil.
511 3528 645 3564 Instit.
665 3527 825 3565 Orator.
850 3538 895 3565 x.
914 3526 971 3575 2.]
1214 3535 1230 3553 ⁸
1255 3528 1397 3565 Horat.
1419 3528 1507 3565 Lib.
1527 3529 1562 3566 I.
1582 3528 1711 3577 Epist.
1729 3539 1827 3567 X1x.
1849 3528 1905 3578 [v.
1922 3529 2005 3579 19.]

256 3596 276 3623 q
302 3589 368 3639 [de
389 3591 550 3628 Orator.
569 3590 608 3627 ii.
627 3590 709 3638 22.]

302 3691 371 3730 14.
431 3688 562 3731 Even
585 3689 778 3746 literary
798 3689 1029 3733 imitation
1055 3689 1093 3732 is
1120 3702 1147 3732 a
1171 3689 1467 3747 proceeding,
1492 3689 1642 3734 which
1666 3691 1872 3749 requii'es
1897 3691 2040 3736 much

204 3757 452 3815 judgment
471 3763 520 3802 to
542 3760 676 3804 avoid
703 3761 956 3818 absurdity.
1022 3761 1111 3805 See
1135 3760 1216 3805 the
1242 3765 1354 3805 text.
