2482 4166
857 268 1240 314 PRAELEOTIO
1280 270 1478 315 NONA.
1984 264 2089 320 279

250 397 560 462 auctoritati,
604 403 658 452 et
702 400 910 460 latoris,
963 398 1162 451 crebrae
1204 398 1530 452 mutationes,
1637 398 1781 453 Sicut
1825 401 1985 455 levem
2031 409 2087 456 et

250 480 439 533 infirmi
466 479 725 533 hominem
756 479 937 551 judicii
965 479 1315 533 existimamus
1349 498 1481 542 eum,
1527 479 1616 549 qui
1653 480 1795 533 nulla
1833 482 1997 535 solida
2032 490 2087 536 et

196 567 226 608 2
251 562 478 616 evidenti
505 562 706 616 ratione
738 569 1002 632 permotus
1029 560 1180 615 facile
1206 572 1385 614 mutat
1413 561 1737 614 sententiam.
1825 564 2083 626 Secunde,

250 641 323 699 τὸ
353 641 545 721 ἐθίζειν
579 641 814 720 εὐχερῶς
848 640 999 701 λύειν
1030 646 1158 699 τοῦς
1198 639 1386 707 νόμους
1419 645 1654 719 φαῦλον,
1690 643 2084 710 &Aristotelem

250 726 439 780 iterum
467 726 695 795 auditis.)
741 729 987 780 Petacem
1014 725 1140 778 facit
1167 725 1429 795 populum,
1455 743 1522 777 ne
1544 724 1710 777 dicam
1729 727 2083 793 petulantem,

251 810 357 877 (res
384 808 498 879 ipsa
514 808 717 870 clamat,
739 809 941 878 experti
962 825 1136 860 sumus
1160 806 1399 859 nimirum
1421 806 1662 877 jamdiu,)
1686 813 1739 860 et
1768 813 1951 859 cuncta
1980 825 2086 859 mo-

251 896 475 953 ventem,
527 890 571 943 si
611 891 1003 960 Leyislatorem
1038 889 1239 942 facilem
1287 889 1386 942 hac
1425 908 1490 942 ex
1529 895 1696 959 parte,
1745 895 1800 941 et
1846 889 1914 941 ad
1962 895 2086 942 vota

249 971 615 1041 libidinemque
643 971 819 1042 populi
838 971 959 1041 jure
988 989 1079 1023 suo
1102 971 1368 1023 cedentem
1395 970 1703 1041 repererint.
1783 971 2088 1041 Reprehen-

250 1052 330 1106 dit
356 1052 517 1124 igitur
539 1053 660 1123 jure
681 1052 864 1106 merito
890 1060 944 1106 et
973 1052 1222 1124 graviter,
1246 1052 1469 1106 1’ibidem
1491 1071 1717 1106 summus
1746 1052 2089 1123 Philosophus

250 1134 419 1206 legem
438 1137 783 1205 Hippodami
804 1135 1067 1204 cujusdam
1083 1136 1300 1189 Milesii
1320 1134 1688 1207 Legislatoris3
1730 1131 2085 1211 εὐόφθαλμον

250 1215 390 1269 illam
432 1216 656 1286 quidem,
699 1215 865 1286 primo
904 1223 1116 1286 aspectu
1159 1217 1440 1286 speciosam
1483 1217 1623 1280 satiS,
1671 1224 1724 1270 et
1762 1216 2085 1287 plausibilem

251 1298 423 1370 vulgo,
454 1304 513 1351 ut
555 1300 651 1368 qui
679 1300 898 1367 aliquid
924 1299 1057 1351 utile
1085 1300 1304 1351 civitati
1331 1300 1631 1352 invenirent
1648 1319 1669 1360 ;
1699 1300 1922 1368 publico
1941 1318 2088 1368 prae-

249 1382 360 1432 mio
410 1383 744 1449 afficerentur
763 1399 782 1437 ‚·
825 1379 918 1432 sed
966 1379 1010 1432 si
1058 1379 1283 1449 penitius
1331 1380 1582 1443 intueare,
1631 1399 1726 1433 nec
1765 1383 2089 1450 prudentem

251 1460 472 1524 omnino,
503 1479 597 1514 nec
625 1463 940 1514 salutarem.
1030 1461 1169 1523 Quid
1197 1461 1331 1514 enim
1367 1461 1479 1513 fere
1504 1462 1791 1533 excogitari
1819 1469 1992 1531 potest
2019 1462 2089 1514 ad

250 1542 481 1613 publicas
509 1561 595 1596 res
615 1543 901 1596 turbandas
920 1542 1275 1613 opportuniuS,
1303 1560 1458 1611 quam
1482 1543 1620 1612 quod
1639 1545 1923 1613 proposito
1942 1561 2089 1612 prce-

249 1627 359 1677 mio
400 1624 684 1677 invitentur
725 1624 957 1676 homines
998 1623 1213 1686 factiosi,
1265 1623 1402 1676 vafri
1448 1630 1501 1677 et
1549 1623 1836 1677 turbulenti
1877 1623 2087 1694 ingenii,

251 1706 600 1779 εἰσηγεῖσθαι
635 1701 802 1772 νόμων
842 1701 1004 1760 λύσιν
1043 1700 1074 1770 ἢ
1115 1705 1417 1767 πολιτείας,
1462 1700 1526 1764 ὥς
1560 1701 1731 1761 κοινὸν
1765 1703 1995 1778 ἀγαθὸν,
2026 1711 2086 1758 ut

249 1787 344 1840 sub
373 1787 540 1858 specie
564 1789 688 1840 boni
706 1788 937 1856 publici,
968 1805 1072 1839 non
1101 1786 1422 1840 eversionem
1444 1788 1596 1840 modo
1628 1790 1801 1857 leyum
1829 1787 2088 1850 inducere,

250 1869 344 1922 sed
385 1876 439 1923 et
476 1868 634 1922 totius
676 1870 855 1922 civilis
898 1871 1398 1923 administrationis
1435 1869 1670 1932 formam,
1715 1870 1809 1922 sub
1852 1869 2089 1921 incudem

249 1958 563 2015 revocatam,
593 1958 648 2004 et
675 1950 729 2003 in
757 1969 943 2004 novam
972 1950 1143 2003 ideam
1172 1969 1267 2020 pro
1298 1969 1389 2004 suo
1418 1949 1587 2004 lubitu
1614 1951 1862 2013 refictam,
1894 1950 2090 2004 civitati

251 2033 531 2086 obtrudere
560 2034 817 2086 studeant.
904 2034 1361 2102 Philosophumne
1403 2034 1615 2086 obsecro
1659 2031 1903 2087 videmini
1944 2031 2092 2085 vobis

250 2115 432 2167 audire
461 2115 563 2168 suis
591 2114 911 2185 temporibus
939 2114 1223 2177 illustrem;
1269 2132 1338 2166 an
1374 2125 1551 2168 vatem
1588 2115 1759 2185 potius
1795 2132 1973 2167 eorum
2003 2112 2092 2183 qui

250 2214 386 2248 nunc
437 2203 559 2249 sunt
606 2215 809 2249 morum
854 2195 1219 2265 hominumque
1264 2196 1534 2266 praescium
1584 2215 1645 2249 ac
1690 2195 2042 2266 praenuncium
2060 2195 2091 2248 P

199 2291 228 2331 3
266 2280 453 2331 Tertio
482 2296 638 2347 quum
664 2279 871 2347 Leyum
897 2280 1207 2331 immutatio
1232 2277 1446 2331 toHendi
1474 2278 1746 2348 praesentis
1768 2277 1980 2347 alicujus
2008 2280 2091 2330 inf-

252 2362 514 2413 commodi
539 2359 712 2431 gratia
738 2358 1040 2412 instituatur
1062 2379 1075 2422 ;
1116 2366 1170 2412 et
1197 2359 1310 2413 fieri
1338 2359 1513 2430 possit,
1543 2367 1602 2413 ut
1624 2378 1689 2412 ex
1717 2360 1817 2413 ista
1841 2362 2092 2412 immuta-

256 2444 395 2495 tione
424 2442 754 2495 suboriantur
783 2440 905 2509 (imo
931 2440 1021 2494 vix
1049 2441 1164 2494 fieri
1191 2441 1352 2513 possit
1385 2448 1445 2495 ut
1487 2460 1591 2494 non
1634 2441 2006 2510 suboriantur,)
2036 2447 2091 2493 et

253 2530 525 2595 emergant
552 2523 778 2586 tandem,
814 2529 933 2575 utut
960 2523 1193 2576 fortassis
1223 2523 1422 2576 occulta
1457 2523 1620 2585 initio,
1665 2524 1817 2594 plura
1856 2530 1910 2576 et
1939 2526 2094 2595 qgra-

252 2604 398 2658 viora
427 2607 802 2659 incommoda:
846 2601 1075 2660 Υέατέον
1111 2601 1251 2664 ἐνίας
1292 2601 1582 2680 ἁμαρτίας,
1612 2604 1778 2674 inquit
1806 2604 1944 2657 idem
1973 2622 2095 2677 gra-

300 2795 319 2815 0
344 2787 432 2837 [ubi
447 2799 579 2837 supra,
593 2789 698 2827 Sect.
716 2788 799 2838 13.]
891 2770 895 2778 ¹
1220 2790 1356 2827 oribus
1371 2789 1516 2827 mederi
1533 2787 1813 2825 desideramus.
1845 2786 2035 2823 Ambros.
2051 2786 2101 2822 de

299 2856 321 2884 P
348 2850 489 2898 [Sectt.
505 2852 545 2898 4,
564 2850 642 2898 10.]
1223 2852 1338 2890 offic.
1358 2852 1533 2889 Ministr.
1552 2850 1661 2899 [Lib.
1678 2861 1725 2887 11.
1743 2861 1831 2898 cap.
1849 2847 1951 2896 xxi.]

300 2919 319 2946 <1
348 2912 552 2951 Graviora
569 2913 718 2961 inferre
734 2915 909 2961 vulnera,
927 2914 1019 2952 dum
1035 2914 1128 2952 levi·
1268 2920 1284 2942 ¹·
1309 2914 1500 2964 [Aristot.
1518 2912 1587 2949 ubi
1604 2922 1738 2958 supra,
1758 2911 1863 2948 Sect.
1880 2908 1958 2955 13.]

344 3037 405 3092 1⁰,
436 3041 482 3084 It
514 3040 673 3084 makes
703 3039 785 3083 the
814 3044 1121 3097 government
1146 3037 1300 3083 weak:
1334 3052 1383 3082 as
1409 3052 1437 3081 a
1469 3051 1579 3081 man
1600 3030 1657 3080 of
1675 3035 1959 3093 changeable
1983 3049 2096 3092 pur-

249 3123 363 3167 pose
387 3111 427 3154 is
452 3110 563 3154 held
581 3115 631 3153 to
651 3110 711 3153 be
732 3110 876 3153 weak.
1035 3100 1045 3109 ”

347 3177 409 3230 2⁰,
437 3180 483 3222 It
515 3179 674 3223 makes
699 3179 781 3222 the
805 3179 975 3236 people
999 3177 1113 3221 fond
1139 3178 1194 3221 of
1220 3178 1428 3235 change3
1464 3177 1625 3221 makes
1650 3177 1794 3228 them,
1818 3176 2003 3228 indeed,
2024 3174 2096 3231 (as

252 3264 315 3292 we
332 3249 452 3292 have
472 3247 618 3302 seen),
638 3250 955 3306 importunate
976 3248 1069 3291 and
1090 3249 1337 3306 impatient
1357 3250 1407 3290 in
1427 3247 1551 3291 their
1571 3247 1810 3299 demands,
1824 3246 1958 3290 when
1982 3246 2097 3304 they

251 3319 351 3362 find
371 3319 453 3363 the
472 3319 763 3376 Legislature
782 3319 990 3376 yielding
1009 3323 1059 3362 to
1081 3318 1224 3363 them.
1278 3319 1442 3362 Hence
1462 3318 1686 3363 Aristotle
1705 3318 1898 3369 blames,
1917 3331 1967 3361 as
1988 3318 2096 3361 mis-

253 3389 471 3434 chievous
491 3389 672 3447 though
689 3390 913 3446 specious,
935 3387 1033 3442 (οὐκ
1058 3387 1273 3446 ἀσφαλὲς,
1298 3387 1397 3431 ἀλλ’
1425 3388 1703 3445 εὐόφθαλμον
1727 3387 1906 3431 ἀκοῦσαι
1930 3382 2095 3444 μόνον,)

252 3474 282 3503 a
300 3460 403 3505 rule
427 3460 706 3504 introduced
738 3460 801 3517 by
835 3459 1158 3517 Hippodamus
1183 3460 1284 3504 into
1309 3459 1381 3503 his
1407 3460 1672 3517 Imaginary
1703 3459 1959 3517 Republic;
1990 3459 2095 3503 that

253 3531 413 3589 public
432 3530 617 3575 honour
636 3530 804 3575 should
824 3530 884 3574 be
905 3530 1118 3587 assigned
1138 3535 1188 3574 to
1209 3545 1301 3588 any
1315 3544 1486 3588 person
1505 3530 1624 3574 who·
1642 3530 1779 3585 could
1811 3531 1976 3574 invent
2006 3544 2099 3588 any

253 3602 408 3646 useful
437 3602 627 3660 novelty
661 3600 733 3656 (in
763 3596 887 3652 law).
958 3601 1085 3644 Such
1122 3615 1151 3644 a
1179 3602 1282 3645 rule
1308 3602 1475 3654 would,
1507 3601 1731 3646 Aristotle
1757 3615 1874 3659 says,
1902 3601 2017 3644 tend
2047 3605 2099 3644 to

253 3673 476 3730 produce,
501 3673 650 3717 under
669 3673 751 3717 the
771 3676 958 3731 pretext
991 3672 1046 3716 of
1074 3673 1429 3735 improvement,
1462 3677 1596 3730 great
1617 3672 1875 3724 confusion,
1896 3671 2101 3716 disturb-

254 3757 370 3788 ance
407 3743 462 3788 of
491 3744 553 3788 all
587 3744 689 3795 law,
726 3744 820 3787 and
845 3744 1115 3790 subversion
1151 3744 1206 3789 of
1235 3743 1317 3789 the
1342 3743 1754 3798 commonwealth3
1783 3743 1982 3788 factious
2003 3742 2098 3786 and
