2482 4166
426 221 494 271 40
960 229 1047 273 DE
1088 228 1263 275 BONA
1301 229 1373 274 IN
1376 230 1504 274 TEN
1507 230 1719 276 TIONE.

557 356 680 410 VII.
753 356 805 408 N
807 374 863 410 ec
889 362 966 409 est
992 357 1189 410 Malum
1219 375 1283 410 ex
1311 356 1390 410 sui
1418 364 1605 410 natura
1631 359 1935 411 ordinabile
1965 360 2038 411 ad
2068 359 2258 411 bonum

419 441 599 507 finem.
691 440 841 502 Quod
871 439 913 491 si
942 446 1090 502 esset,
1119 446 1253 493 esset
1282 439 1435 493 etiam
1462 443 1804 509 expetendum
1822 461 1839 493 .·
1882 440 2131 510 siquidem
2161 459 2258 509 ap-

422 524 630 594 petitus
658 540 760 573 non
789 522 952 573 solum
979 522 1146 574 fertur
1182 522 1235 573 in
1259 525 1424 589 finem
1456 523 1522 574 ab
1556 530 1744 593 agente
1787 522 2118 592 propositum,
2166 521 2258 574 sed

432 611 486 656 et
508 604 560 655 in
590 622 666 666 ea,
691 622 807 672 quae
829 604 896 655 ad
918 603 1070 654 finem
1096 603 1238 655 illum
1261 604 1668 672 consequendum
1692 605 1974 657 conducere
1997 604 2253 657 videntur.

433 685 489 738 Si
518 685 671 748 dicaS,
704 687 874 737 Deum
904 687 1161 738 ordinare
1189 687 1342 737 mala
1373 696 1560 738 nostra
1590 687 1650 737 in
1681 687 1870 738 bonum
1897 688 2063 754 finem
2091 704 2254 746 suum,

429 767 647 837 proinde
675 785 777 819 non
807 785 917 819 esse
946 775 1125 820 contra
1154 775 1392 820 naturam
1421 769 1572 830 mali,
1611 774 1669 820 ut
1710 767 1974 820 ordinetur
2001 770 2068 820 ⁴in
2091 770 2256 835 finem

432 851 637 902 bonum.
717 849 1026 920 Respondeo
1046 853 1246 919 primo,
1277 869 1378 902 non
1420 868 1530 902 esse
1567 849 1781 902 eandem
1819 849 2069 902 rationem
2100 848 2256 900 omni-
2284 853 2305 893 1

429 931 654 1002 potentis
683 934 809 994 Dei,
863 932 951 1002 qui
978 943 1192 985 naturae
1220 934 1491 985 Dominus
1529 938 1621 994 est,
1667 939 1720 985 et
1758 939 1928 1002 potest
1966 950 2061 1002 pro
2104 931 2259 983 bene-

429 1013 618 1083 placito
649 1032 739 1065 suo
777 1032 841 1066 ex
876 1014 1009 1066 malo
1039 1015 1324 1084 producere
1353 1015 1540 1067 bonum
1559 1034 1571 1076 ;
1615 1021 1667 1067 et
1702 1017 1889 1078 nostri,
1936 1013 2119 1083 quibus
2162 1031 2257 1065 nec

428 1094 566 1146 idem
599 1097 697 1163 jus
741 1102 834 1158 est,
881 1112 974 1147 nec
1005 1107 1248 1165 potestas
1287 1097 1498 1150 eadem:
1539 1097 1629 1149 sed
1656 1096 1752 1148 nec
1790 1102 2022 1148 nostrum
2052 1113 2162 1147 esse
2192 1095 2257 1147 de

428 1177 540 1229 Dei
586 1179 940 1245 providentia
990 1177 1125 1230 circa
1177 1178 1367 1230 malum
1423 1178 1505 1230 vel
1552 1178 1797 1230 curiosius
1845 1178 2121 1246 inquirere,
2174 1176 2257 1229 vel

427 1258 797 1330 magistraliter
843 1259 1198 1329 pronunciare.
1282 1260 1591 1329 Respondeo
1638 1263 1880 1320 secunde,
1930 1259 2100 1310 Deum
2147 1257 2256 1327 qui-
2278 1262 2308 1303 2

426 1340 543 1392 dem
569 1343 725 1394 abuti
752 1359 899 1412 posse
922 1348 975 1394 et
997 1342 1161 1394 solere
1180 1344 1425 1412 peccatis
1446 1344 1645 1395 nostris
1673 1349 1731 1393 ut
1752 1341 2031 1393 inserviant
2049 1343 2254 1410 9Zorioe,

422 1426 623 1492 qratice
677 1430 730 1476 et
768 1427 1128 1493 providentioe
1177 1443 1316 1486 suae3
1384 1424 1507 1493 quin
1565 1431 1617 1477 et
1662 1423 1809 1476 nobis
1858 1423 2056 1493 pariter
2101 1422 2256 1474 licere

424 1504 584 1575 ipsius
615 1506 864 1575 exemp10,
901 1524 997 1575 pro
1028 1507 1151 1559 data
1178 1506 1324 1558 nobis
1354 1506 1754 1575 opportunitate,
1788 1507 1984 1558 alienis
2013 1507 2257 1574 peccatis

424 1588 581 1640 abuti
608 1586 662 1638 in
691 1588 1010 1639 commodum
1039 1595 1273 1640 nostrum
1314 1590 1631 1656 Temporale
1661 1587 1744 1639 vel
1781 1589 2084 1656 Spirituale
2104 1607 2120 1638 .·
2141 1579 2144 1583 ³
2164 1587 2256 1638 sed

422 1675 611 1736 tamen,
637 1669 1064 1738 quemadmodum
1087 1671 1246 1731 DeuS,
1279 1670 1375 1722 etsi
1397 1680 1588 1721 utatur
1610 1670 1753 1721 malo
1776 1669 1940 1721 alieno
1970 1668 2023 1720 in
2048 1670 2253 1730 bonum,

422 1769 684 1820 nunquam
727 1751 837 1821 ipse
863 1753 1020 1820 facit
1058 1753 1277 1813 malum,
1324 1758 1383 1804 ut
1425 1750 1544 1803 inde
1588 1751 1755 1803 eliciat
1789 1753 2014 1811 bonum;
2057 1750 2132 1803 ita
2160 1768 2255 1802 nec

421 1832 568 1885 nobis
598 1833 751 1885 licere
779 1835 985 1885 malum
1004 1836 1214 1902 facere,
1246 1843 1307 1885 ut
1335 1835 1461 1886 inde
1487 1835 1777 1902 proveniat
1817 1835 2021 1885 bonum.
2097 1831 2255 1885 Aliud

421 1921 502 1967 est
531 1914 697 1967 alieno
727 1917 872 1968 malo
899 1917 984 1967 uti
1019 1914 1072 1966 in
1099 1915 1303 1977 bonum,
1334 1915 1473 1968 aliud
1487 1918 1683 1984 facere
1712 1917 1917 1967 malum
1947 1933 2061 1966 cum
2089 1914 2255 1967 inten-

419 1996 558 2049 tione
596 1996 731 2049 boni.
820 1996 1129 2066 Respondeo
1162 1999 1333 2059 tertio,
1369 2015 1518 2067 posse
1546 1996 1741 2067 aliquid
1776 1996 1875 2050 dici
1904 1999 2158 2050 ordinari
2192 1999 2251 2049 in
2276 2002 2304 2043 3

407 2081 573 2147 finem
603 2078 904 2149 dupliciter3
951 2078 1033 2131 vel
1062 2081 1358 2149 improprie
1387 2090 1436 2132 et
1465 2081 1826 2141 communiter,
1857 2097 1957 2149 quo
1987 2079 2138 2130 modo
2168 2098 2251 2131 or-

418 2163 613 2213 dinari
658 2160 847 2214 dicitur
894 2160 1136 2230 quicquid
1180 2179 1384 2232 quoquo
1432 2161 1583 2214 modo
1628 2161 1694 2214 ab
1742 2172 1928 2230 ayente
1973 2160 2250 2213 adhibetur

418 2242 541 2295 dum
570 2243 738 2296 tendit
767 2243 835 2296 ad
875 2262 1021 2296 suum
1040 2245 1221 2311 finem,
1253 2251 1305 2296 et
1334 2250 1604 2313 postquam
1634 2244 1699 2295 ab
1729 2243 1829 2295 alio
1858 2249 2040 2312 suapte
2069 2250 2250 2312 sponte

417 2324 608 2377 factum
633 2331 726 2388 est,
763 2343 858 2396 per
887 2324 1171 2396 potentiam
1203 2332 1256 2379 et
1284 2325 1587 2396 sapientiam
1612 2325 1770 2397 ipsius
1799 2327 2008 2394 ayentis
2036 2326 2249 2395 (praeter

416 2409 745 2460 voluntatem
774 2418 822 2461 et
852 2410 1196 2461 intentionem
1224 2407 1334 2478 ejus
1364 2407 1452 2478 qui
1480 2407 1639 2476 fecit,)
1668 2408 1736 2460 ad
1763 2407 1904 2460 illum
1934 2407 2084 2459 finem
2113 2424 2249 2459 asse-

417 2489 676 2558 quendum
704 2489 1022 2560 disponit-ur:
1065 2490 1148 2542 vel
1187 2493 1491 2544 restrictius·
1536 2501 1585 2543 et
1623 2492 1866 2561 proprie,
1914 2495 1968 2542 et
2008 2488 2079 2542 sic
2122 2487 2248 2542 illud

515 2682 556 2726 7.
623 2679 671 2724 2⁰
695 2682 794 2725 Not
821 2682 1014 2739 capable
1037 2676 1092 2726 of
1106 2683 1248 2740 being
1276 2684 1413 2727 made
1444 2683 1525 2727 the
1551 2697 1709 2727 means
1735 2687 1784 2726 to
1815 2696 1844 2725 a
1872 2680 1996 2739 g'ood
2017 2681 2131 2724 end:
2171 2680 2247 2724 for

416 2752 459 2794 if
474 2764 540 2803 so,
559 2752 596 2795 it
615 2749 769 2795 would
789 2752 848 2796 be
870 2753 1126 2806 desirable3
1150 2754 1225 2797 for
1241 2749 1391 2798 desire
1411 2754 1562 2805 tends,
1582 2758 1666 2797 not
1681 2754 1791 2810 only
1806 2757 1856 2796 to
1878 2752 1958 2796 the
1979 2752 2072 2796 end
2092 2752 2246 2795 aimed

416 2827 480 2876 at,
501 2822 587 2866 but
612 2823 708 2866 also
730 2828 780 2867 to
806 2823 887 2867 the
906 2837 1065 2867 means
1086 2823 1235 2868 which
1257 2825 1464 2868 conduce
1485 2829 1534 2868 to
1555 2824 1659 2868 that
1684 2824 1790 2867 end.

510 2893 771 2950 ObJection.
834 2895 879 2938 It
909 2909 1018 2952 may
1054 2894 1113 2939 be
1151 2895 1364 2952 objected
1400 2895 1504 2939 that
1534 2895 1639 2939 Grod
1675 2895 1835 2939 makes
1866 2908 1952 2938 our
1981 2894 2075 2938 evil
2105 2893 2245 2937 deeds

415 2965 718 3010 subordinate
743 2969 792 3009 to
808 2965 879 3009 his
899 2965 1023 3022 good
1042 2966 1168 3010 ends.

505 3035 709 3080 Answer.
774 3031 845 3091 (l)
874 3037 1015 3080 God's
1036 3051 1157 3095 ways
1183 3051 1263 3081 are
1294 3037 1511 3081 different
1530 3036 1652 3081 from
1673 3050 1794 3080 ourS.
1848 3035 1979 3079 With
2002 3035 2170 3092 regard
2195 3039 2244 3078 to

418 3107 559 3152 God's
575 3108 863 3152 Providence
885 3109 1167 3166 concerning
1187 3109 1289 3160 evil,
1309 3123 1377 3153 we
1397 3122 1476 3153 are
1497 3113 1581 3153 not
1600 3112 1650 3152 to
1670 3108 1872 3165 imagine
1891 3111 1972 3151 too
1998 3106 2244 3163 curiously,

414 3192 502 3222 nor
526 3183 576 3223 to
598 3193 866 3237 pronounce
886 3183 966 3223 too
992 3180 1338 3238 magisterially.

506 3248 578 3304 (2)
636 3251 736 3294 Our
760 3251 852 3295 sins
872 3264 980 3308 may
999 3243 1185 3295 further
1211 3250 1351 3296 God's
1371 3251 1516 3308 glory‚
1541 3264 1680 3307 grace
1700 3249 1792 3293 and
1816 3248 2094 3307 providence
2110 3264 2130 3301 3>
2153 3249 2246 3292 and

413 3334 478 3373 so,
503 3317 585 3365 the
606 3323 700 3366 sins
726 3322 781 3365 of
794 3321 951 3366 others
972 3336 1079 3380 may
1096 3322 1285 3380 happen
1315 3327 1365 3366 to
1390 3321 1576 3365 further
1597 3335 1683 3365 our
1708 3321 1938 3378 temporal
1959 3334 2012 3363 or
2031 3320 2257 3377 spiritual?
2278 3345 2283 3354 ·

412 3393 548 3448 good.
609 3394 704 3437 But
728 3394 833 3437 God
849 3394 959 3437 does
980 3398 1063 3437 not
1085 3394 1144 3437 do
1167 3394 1281 3446 evil;
1307 3393 1399 3436 and
1420 3407 1470 3437 so
1491 3406 1559 3436 we
1580 3407 1688 3450 may
1706 3396 1789 3435 not
1810 3392 1870 3435 do
1890 3391 1980 3434 evil
1999 3390 2102 3433 that
2122 3390 2244 3446 good

413 3476 521 3521 may
541 3477 685 3508 come.
748 3466 817 3508 To
843 3464 1004 3508 obtain
1028 3465 1150 3522 good
1169 3464 1292 3508 from
1321 3465 1424 3516 evil,
1456 3464 1547 3507 and
1569 3468 1620 3507 to
1646 3464 1706 3507 do
1732 3462 1822 3507 evil
1842 3461 1951 3504 with
1981 3460 2062 3503 the
2093 3461 2244 3503 inten-

412 3534 511 3577 tion
538 3535 591 3578 of
612 3536 852 3592 obtaining
870 3536 1006 3593 good,
1027 3550 1106 3579 are
1132 3536 1348 3579 different
1367 3535 1537 3592 things.

503 3604 574 3658 (3)
634 3607 809 3664 Things
831 3621 938 3665 may
965 3607 1024 3650 be
1049 3607 1186 3651 made
1212 3621 1372 3651 means
1405 3611 1455 3650 to
1492 3605 1606 3650 ends
1638 3604 1688 3646 in
1722 3607 1812 3646 two
1844 3602 2061 3646 different
2091 3615 2239 3659 ways:

411 3674 516 3717 Evil
536 3675 691 3733 things
716 3692 824 3736 may
848 3678 906 3722 be
928 3678 1175 3737 employed
1211 3679 1261 3721 in
1284 3678 1422 3722 order
1448 3681 1497 3721 to
1530 3674 1652 3734 good
1687 3673 1814 3725 ends,
1839 3673 1942 3717 that
1973 3673 2024 3726 is,
2046 3687 2152 3731 may
2182 3673 2242 3717 be
