2482 4166
0 3129 11 3363 H,.„mw.5⁷„¹
0 3109 2 3111 ,
0 3078 3 3081 .
0 3009 2 3011 ,
0 2943 2 2945 .

678 296 889 343 INDEX
929 295 1250 341 NOMINUM
1291 296 1374 340 ET
1414 296 1660 341 RERUM.
1982 287 2088 341 323

242 423 483 461 Dionrsms
492 419 643 470 junior,
656 419 741 469 ejus
753 422 860 457 artes
872 419 980 467 apud
993 428 1122 467 popu·

290 486 373 522 lum
391 483 456 521 vii.
477 484 536 520 18.

241 546 515 590 Diseumbere,
534 557 573 581 v.
590 556 623 582 s,
640 541 901 581 ἀνακεῖσθαι.

242 606 533 655 Δοκησισοφία
559 606 734 642 humana
766 615 887 653 quam
915 604 967 641 sit
996 604 1123 641 inanis

288 670 314 707 i.
340 671 402 707 28.

240 731 452 769 Dominica
476 730 572 777 dies,
600 730 685 778 ejus
712 729 936 768 observatio
962 739 1120 778 oppug-

289 797 384 831 nata
399 794 452 831 iv.
470 795 532 831 18.

241 856 438 893 Dominus
457 855 638 901 Manerii,
656 855 739 904 ejus
757 855 867 892 curia
883 854 963 891 viii.
984 856 1044 891 18.

240 918 485 964 Dominium,
512 918 596 966 ejus
622 917 830 954 translatio
859 927 939 953 non
966 927 1123 964 semper

290 979 473 1027 legitima
489 979 568 1016 viii.
587 980 651 1017 25.

239 1041 419 1089 Δύναμις
435 1053 471 1077 v.
491 1053 523 1078 s.
543 1041 728 1089 ἐξουσία.

238 1101 494 1147 DURANDUS,
525 1101 609 1150 ejus
635 1101 769 1150 opinio
792 1101 842 1138 de
868 1102 1121 1149 conscientia,

289 1164 385 1212 quid
403 1164 455 1201 sit
472 1164 512 1201 in
527 1175 679 1214 genere
691 1163 717 1200 i.
737 1163 796 1203 16.

665 1377 700 1414 E

239 1476 429 1522 Ecclesia,
446 1476 671 1524 respublica
688 1476 870 1524 quaedam
889 1476 941 1513 ix.
962 1478 1021 1514 13.
1058 1487 1122 1513 ca-

288 1538 448 1575 tholicae
467 1539 619 1586 judicio
637 1539 853 1586 plurimum
872 1543 1034 1587 oportet
1051 1540 1121 1577 de-

286 1601 391 1638 ferre
408 1600 460 1638 iii.
477 1602 540 1638 31.
591 1601 896 1638 ecclesiasticam
917 1602 1121 1650 regiminis

288 1662 455 1699 formam
486 1663 682 1699 sublatam
713 1666 807 1699 sunt
835 1664 904 1710 qui
926 1663 1051 1700 velint
1067 1664 1120 1701 iv.

287 1727 349 1763 18.
375 1724 554 1762 Ecclesia
572 1724 799 1772 Anglicana
815 1725 869 1762 iii.
888 1726 950 1762 28.
981 1725 1118 1762 Chris-

285 1789 394 1826 tiana
416 1788 620 1837 obligatur
642 1790 693 1826 ad
721 1789 915 1826 Instituta
939 1800 1050 1826 sacra
1067 1790 1119 1828 iv.

285 1852 349 1889 33.

236 1912 533 1950 Ecclesiasticas
550 1911 660 1961 leges
675 1912 786 1961 cujus
804 1913 856 1949 sit
868 1914 1039 1951 condere
1052 1914 1116 1951 vii.

283 1977 359 2022 30;
385 1974 438 2011 ix.
457 1976 494 2012 2.
536 1975 811 2012 ecclesiasticae
824 1976 1117 2013 reformationis

283 2037 453 2074 obtentu
469 2037 580 2085 leges
598 2036 765 2085 refigere
778 2037 834 2075 ix.
847 2040 905 2075 13.
931 2038 971 2074 in
991 2039 1116 2075 eccle-

282 2099 460 2136 siasticas
490 2099 795 2136 constitutiones
823 2099 892 2147 qni
921 2099 1116 2136 invehun-

282 2165 365 2208 tur,
380 2161 523 2198 ritibus
542 2164 676 2198 tamen
698 2161 793 2207 suis,
812 2173 837 2197 a
855 2161 1017 2199 Christo
1035 2173 1116 2199 non

282 2223 537 2271 praescriptis,
554 2226 724 2260 utuntur
737 2223 788 2261 vi.
805 2224 867 2263 29.

233 2285 455 2331 EDGARUS,
475 2285 704 2333 Anglorum
730 2285 832 2330 Rex,
849 2285 1118 2334 principatum

281 2348 462 2385 modeste
479 2347 770 2384 administravit
786 2359 823 2385 v.
844 2350 903 2386 18.

231 2410 379 2456 Esus,
406 2410 491 2458 ejus
516 2410 682 2455 factum,
707 2410 843 2458 ignem
870 2411 971 2447 coelo
997 2411 1117 2448 devo-

281 2473 422 2518 cantis,
452 2484 532 2510 non
564 2472 805 2509 imitandum
835 2472 889 2508 iii.
918 2474 979 2510 10.
1032 2473 1119 2521 ejus

280 2536 465 2584 exemplo
499 2537 686 2572 hortatur
716 2535 913 2572 JAcosz
947 2535 998 2571 ad
1028 2546 1116 2571 ora-

285 2598 406 2635 tionis
423 2597 654 2635 instantiam
671 2597 727 2634 ιιι.
744 2598 807 2635 24.

235 2658 387 2696 ἔννοιαι
404 2658 537 2696 κοιναὶ
553 2659 604 2695 iv.
624 2660 693 2704 243
721 2670 759 2695 x,
783 2659 821 2694 1.

234 2721 331 2767 Ens,
364 2721 462 2758 Enti
497 2723 543 2757 nt
575 2720 659 2757 Ens
689 2723 751 2757 est
783 2731 864 2756 non
892 2720 1118 2758 immediate

284 2783 492 2831 subjicitur
502 2783 665 2831 aliquod
678 2783 843 2820 Entium
857 2784 1117 2832 singularium

286 2846 324 2882 ii.
347 2846 408 2884 16.
435 2846 519 2882 Ens
532 2846 877 2883 transcendentale
894 2846 1119 2884 verificatur

286 2908 336 2945 de
375 2908 484 2945 omni
516 2908 622 2945 Ente
658 2908 709 2946 ib.
768 2908 886 2945 Entis
922 2909 1117 2946 rationem

277 2967 374 3016 quid
399 2969 545 3006 habeat
562 2969 603 3005 ii.
620 2968 681 3007 16.
733 2968 856 3005 Entia
881 2980 961 3005 non
979 2969 1117 3006 multi-

278 3030 463 3078 plicanda
479 3031 563 3068 sine
577 3030 814 3068 necessitate
833 3041 873 3067 v.
895 3032 954 3068 10.

230 3090 501 3129 Enthusiastae
519 3093 571 3130 iv.
588 3093 651 3130 27.

231 3153 396 3198 Εντολή
428 3154 528 3202 quid
561 3155 614 3190 sit
644 3154 685 3190 in
718 3153 762 3191 S.
793 3152 1009 3201 Scripturis
1035 3153 1114 3189 viii.

280 3217 342 3253 10.

230 3277 444 3315 Erroribus
461 3288 598 3315 omnes
610 3276 771 3314 obnoxii
786 3276 844 3315 iii.
862 3276 924 3313 25.

230 3339 375 3376 Es’rmz
399 3342 441 3376 et
468 3339 775 3376 Mmuocnssns
805 3338 901 3386 quid
932 3337 982 3374 de
1010 3337 1114 3374 festo

282 3402 420 3438 Pnrim
436 3401 683 3439 instituerint
700 3400 749 3438 vi.
768 3402 830 3438 32.

230 3462 407 3510 Ethnici,
423 3463 672 3512 legislatores
682 3462 792 3510 leges
809 3462 860 3498 ab
873 3461 1007 3510 aliquo
1025 3460 1113 3497 Nu-

279 3527 386 3564 mine
393 3527 469 3563 sibi
480 3528 648 3564 traditas
659 3528 819 3565 mentiti
832 3539 869 3564 v.
884 3526 946 3564 26.
976 3536 1112 3562 eorum

280 3589 489 3626 sententiae
508 3590 557 3627 de
578 3580 835 3628 Conscientia
848 3589 887 3627 vi
920 3588 970 3625 iv.
994 3589 1056 3624 14.

231 3649 484 3697 Exemplum,
505 3651 778 3699 exemplorum
813 3650 902 3698 quis
934 3649 985 3686 sit
1018 3659 1113 3685 usus

280 3712 334 3748 iii.
353 3713 417 3759 23,
436 3714 498 3750 24.
540 3724 621 3751 non
638 3716 733 3751 sunt
750 3711 900 3762 regulae
917 3712 1042 3749 instar
1059 3710 1111 3748 ib.

280 3775 464 3823 exempla
496 3775 696 3824 applicare
724 3787 843 3824 quam
874 3775 927 3812 sit
954 3773 1112 3812 difficile

1257 417 1312 454 iii.
1337 418 1397 463 12,
1425 418 1485 455 13.
1528 418 1712 466 exempla
1736 428 1932 466 perversae
1959 418 2093 456 imita-

1260 479 1379 517 tionis
1397 480 1449 517 z‘b.
1469 479 1531 517 15.
1587 482 1871 527 argumentum
1888 480 1938 516 ab
1956 491 2091 517 exem-

1259 542 1327 590 plo
1361 542 1416 579 ib.
1452 542 1512 580 16.
1578 542 1687 590 apud
1716 541 1944 579 dialecticos
1973 544 2091 591 quale
2164 575 2167 578 ,

1258 604 1453 641 habeatur
1478 603 1532 640 iii.
1553 605 1612 640 12.
1664 602 1938 651 exemplorum
1963 605 2090 641 malo-

1258 679 1347 704 rum
1356 666 1490 715 potior
1507 669 1569 703 est
1586 665 1657 711 vis,
1674 667 1721 702 ut
1738 665 1789 701 ab
1807 664 1886 702 illis
1903 666 2089 714 negative

1257 733 1465 779 arguatur,
1483 741 1603 778 quam
1621 729 1831 775 bonorum,
1857 732 1903 766 ut
1920 730 2093 766 affirma-

1256 793 1337 830 tive
1355 792 1406 829 ib.
1425 793 1462 829 8.

1209 855 1404 903 Exempla
1417 853 1684 903 praecedentia
1700 853 1740 889 in
1759 854 1847 890 foro
1865 852 1919 890 iii.
1940 855 2004 891 12.

1207 918 1405 967 Ἐξουσία
1439 917 1640 966 quomodo
1676 916 1835 953 differat
1868 927 1893 952 a
1926 915 2093 964 δυνάμει

1256 993 1294 1018 v.
1341 982 1401 1017 12.
1461 979 1662 1028 quomodo
1707 989 1794 1015 eam
1838 977 2089 1027 distinguant

1257 1042 1489 1080 Scholastici
1507 1042 1574 1080 vii.
1592 1043 1629 1078 4.

1204 1106 1418 1154 Ἐξοὺσιαι
1438 1103 1731 1152 ὑπερέχουσαι,
1749 1103 1797 1140 iis
1810 1102 1871 1140 uti
1881 1112 2090 1150 pareamus

1255 1167 1447 1215 praecepit
1490 1166 1603 1203 Deus
1636 1178 1673 1202 v.
1707 1168 1769 1204 22.
1827 1162 2091 1213 τεταγμέναι

1257 1230 1353 1278 quid
1370 1229 1466 1266 velit
1482 1228 1548 1265 vii.
1566 1230 1604 1266 5.

1207 1291 1527 1341 Expedientiam,
1547 1290 1864 1339 posthabendam
1887 1289 2089 1326 honestati

1256 1364 1414 1390 sensere
1434 1351 1608 1399 Ethnici,
1629 1351 1656 1389 J
1658 1351 1795 1389 esuitae
1813 1362 1892 1388 non
1917 1351 1956 1388 ii.
1975 1352 2037 1388 22.

1622 1563 1655 1599 F

1204 1653 1347 1691 FACTA
1363 1652 1520 1701 piorum
1538 1662 1619 1688 non
1634 1653 1729 1688 sunt
1747 1649 1880 1687 omnia
1895 1649 2089 1686 imitanda

1252 1715 1307 1752 ιιι.
1328 1715 1364 1753 6.
1399 1726 1449 1751 ne
1467 1726 1514 1751 ea
1532 1714 1692 1763 quidem
1711 1724 1800 1761 quae
1818 1713 1859 1749 in
1879 1713 1920 1751 S.
1940 1714 1983 1752 S.
2000 1713 2087 1749 lau-

1252 1776 1399 1813 dantur
1416 1776 1468 1812 z‘b.
1485 1777 1523 1815 9.
1575 1775 1701 1812 Facta
1716 1775 1868 1821 valent,
1892 1787 1982 1823 quae
1999 1775 2085 1813 fieri

1252 1851 1331 1876 non
1350 1840 1499 1876 debent
1520 1839 1569 1876 vi.
1592 1841 1652 1875 12.

1202 1901 1368 1937 Familia
1404 1900 1666 1937 Eboracensis
1695 1902 1736 1936 et
1773 1899 2085 1945 Lancastrensis,

1251 1975 1389 2000 eorum
1429 1963 1478 2000 de
1520 1962 1768 2000 successione
1803 1961 2008 1999 contentio
2045 1974 2082 2000 v.

1251 2026 1312 2064 15.

1201 2087 1773 2136 Festum,dictum’E‘ytcalma,
1785 2087 1916 2125 aDEo
1926 2099 2005 2124 non
2019 2087 2083 2123 in-

1249 2150 1435 2187 stitutum
1444 2149 1716 2198 comprobavit
1723 2152 1857 2186 tamen
1863 2149 2082 2187 Oumsrus

1250 2209 1300 2246 vi.
1321 2210 1384 2246 32.

1201 2272 1334 2318 Fides,
1352 2270 1460 2319 apud
1478 2270 1706 2317 Theologos
1719 2269 1941 2307 formaliter
1958 2271 2082 2307 sumi-

1250 2338 1318 2371 tur
1336 2337 1377 2370 et
1395 2332 1589 2381 objective
1606 2332 1633 2369 i.
1650 2333 1687 2369 8.
1741 2332 1848 2369 inter
1865 2332 2084 2380 operabilia

1252 2396 1422 2433 Moralia
1451 2395 1603 2432 censeri
1637 2397 1772 2443 potest
1806 2394 1834 2431 i.
1875 2395 1940 2432 23.
1990 2394 2083 2431 fidei

1251 2458 1439 2506 mysteria
1472 2459 1663 2505 superant
1704 2456 1855 2503 ingenii
1890 2456 2084 2493 naturalis

1251 2523 1413 2569 captum
1431 2519 1522 2567 plus
1540 2530 1660 2567 quam
1678 2518 1807 2554 officia
1822 2518 1914 2555 vitae
1931 2508 1983 2556 iv.
2002 2519 2064 2558 36.

1202 2582 1311 2620 Finis
1336 2584 1381 2618 ut
1405 2581 1447 2617 in
1473 2579 1742 2617 artificialibus
1768 2579 1899 2627 operis
1920 2583 1963 2617 et
1987 2591 2085 2629 ope-

1249 2642 1375 2679 rantis
1389 2653 1470 2679 non
1487 2652 1645 2689 semper
1660 2640 1781 2689 idem,
1801 2641 1910 2678 sicin
1923 2652 1967 2679 re
1980 2642 2085 2680 civili

1249 2705 1303 2743 ix.
1321 2705 1361 2744 9.

1200 2767 1391 2804 Formula
1406 2766 1761 2804 commutationum
1782 2778 1818 2803 v.
1838 2767 1899 2803 18.

1201 2830 1347 2867 Forum
1363 2833 1571 2867 externum
1584 2830 1634 2866 de
1650 2829 1805 2865 actibus
1819 2828 1984 2866 internis
2003 2839 2083 2865 non

1249 2896 1384 2941 potest
1400 2903 1640 2940 cognoscere
1658 2892 1711 2928 ix.
1730 2891 1766 2929 6.

1201 2955 1331 2992 Furiae
1351 2954 1613 3002 Tragicorum
1631 2965 1679 2990 ex
1696 2953 1844 2990 violata
1863 2953 2081 2991 Conscien-

1249 3017 1315 3054 tiae
1332 3017 1424 3064 lege
1441 3015 1493 3052 iv.
1514 3016 1578 3053 14.

1624 3183 1663 3220 G

1200 3274 1454 3321 GERMAMA,
1473 3274 1558 3324 ejus
1584 3278 1739 3322 septem
1755 3274 1961 3321 Principes
1978 3273 2084 3311 elec-

1247 3338 1334 3373 tum
1360 3336 1482 3373 semel
1509 3337 1799 3384 Imperatorem
1822 3346 1904 3372 non
1932 3336 2083 3373 habent

1239 3398 1308 3446 jus
1326 3398 1587 3435 submovendi
1604 3398 1670 3435 vii.
1688 3400 1749 3435 21.

1200 3460 1339 3498 Gloria
1368 3460 1463 3497 Dm
1494 3460 1584 3496 finis
1619 3460 1892 3508 operationum
1924 3462 2083 3497 nostra-

1245 3534 1334 3559 rum
1354 3534 1562 3571 supremus
1573 3523 1613 3559 ii.
1629 3524 1692 3560 15.
1722 3523 1806 3570 ejus
1824 3522 1909 3559 zelo
1926 3523 2083 3570 abrepti

1245 3587 1314 3634 qui
1332 3587 1385 3625 ib.
1429 3586 1514 3634 ejus
1535 3588 1707 3625 obtentu
1728 3588 1969 3636 imposturas
1994 3601 2085 3627 suas

1248 3649 1485 3687 Christianis
1504 3650 1763 3687 obtrnserunt
1788 3650 1945 3687 Satanae
1965 3651 2084 3688 mini-

1245 3716 1318 3753 stri
1339 3715 1391 3753 ib.
1418 3715 1480 3755 16.
1531 3716 1648 3754 bellis
1669 3718 1746 3753 etc.
1773 3715 2009 3764 praetexitur
2032 3715 2085 3754 ib.

1243 3781 1430 3826 respectu
1446 3778 1650 3816 actionum
1674 3777 1939 3826 singularium
1963 3778 2086 3816 habet
