<?xml version="1.0" encoding="UTF-8"?>
<!DOCTYPE html PUBLIC "-//W3C//DTD XHTML 1.0 Transitional//EN"
    "http://www.w3.org/TR/xhtml1/DTD/xhtml1-transitional.dtd">
<html xmlns="http://www.w3.org/1999/xhtml" xml:lang="en" lang="en">
 <head>
  <title>
</title>
<meta http-equiv="Content-Type" content="text/html;charset=utf-8" />
  <meta name='ocr-system' content='tesseract 3.04.00' />
  <meta name='ocr-capabilities' content='ocr_page ocr_carea ocr_par ocr_line ocrx_word'/>
</head>
<body>
  <div class='ocr_page' id='page_1' title='image "./deobligationecon00sanduoft_0241.png"; bbox 0 0 2482 4166; ppageno 0'>
   <div class='ocr_carea' id='block_1_1' title="bbox 822 266 2100 322">
    <p class='ocr_par' dir='ltr' id='par_1_1' title="bbox 822 266 2100 322">
     <span class='ocr_line' id='line_1_1' title="bbox 822 266 2100 322; baseline 0.005 -8"><span class='ocrx_word' id='word_1_1' title='bbox 822 269 1204 315; x_wconf 82' lang='lat' dir='ltr'><strong>PRAELEOTIO</strong></span> <span class='ocrx_word' id='word_1_2' title='bbox 1246 270 1537 316; x_wconf 81' lang='lat' dir='ltr'><strong>SEPTIMA.</strong></span> <span class='ocrx_word' id='word_1_3' title='bbox 1993 266 2100 322; x_wconf 81' lang='lat'><strong>217</strong></span> 
     </span>
    </p>
   </div>
   <div class='ocr_carea' id='block_1_2' title="bbox 258 399 2100 2786">
    <p class='ocr_par' dir='ltr' id='par_1_2' title="bbox 258 399 2100 2543">
     <span class='ocr_line' id='line_1_2' title="bbox 263 399 2100 476; baseline -0.001 -15"><span class='ocrx_word' id='word_1_4' title='bbox 263 408 530 466; x_wconf 75' lang='lat' dir='ltr'><strong>statueret,</strong></span> <span class='ocrx_word' id='word_1_5' title='bbox 560 400 750 473; x_wconf 92' lang='lat' dir='ltr'><strong>populo</strong></span> <span class='ocrx_word' id='word_1_6' title='bbox 779 399 1052 471; x_wconf 91' lang='lat' dir='ltr'><strong>quicquam</strong></span> <span class='ocrx_word' id='word_1_7' title='bbox 1082 405 1376 471; x_wconf 83' lang='lat' dir='ltr'><strong>superesset</strong></span> <span class='ocrx_word' id='word_1_8' title='bbox 1403 399 1543 454; x_wconf 92' lang='lat' dir='ltr'><strong>aliud</strong></span> <span class='ocrx_word' id='word_1_9' title='bbox 1573 418 1727 472; x_wconf 92' lang='lat' dir='ltr'><strong>quam</strong></span> <span class='ocrx_word' id='word_1_10' title='bbox 1750 401 1895 472; x_wconf 85' lang='lat' dir='ltr'><strong>jussa</strong></span> <span class='ocrx_word' id='word_1_11' title='bbox 1925 421 2100 476; x_wconf 88' lang='lat' dir='ltr'><strong>capes-</strong></span> 
     </span>
     <span class='ocr_line' id='line_1_3' title="bbox 263 482 2100 556; baseline -0.001 -15"><span class='ocrx_word' id='word_1_12' title='bbox 263 506 394 550; x_wconf 84' lang='lat' dir='ltr'><strong>sere,</strong></span> <span class='ocrx_word' id='word_1_13' title='bbox 419 493 473 539; x_wconf 92' lang='lat' dir='ltr'><strong>et</strong></span> <span class='ocrx_word' id='word_1_14' title='bbox 501 484 629 539; x_wconf 90' lang='lat' dir='ltr'><strong>colla</strong></span> <span class='ocrx_word' id='word_1_15' title='bbox 644 484 772 556; x_wconf 84' lang='lat' dir='ltr'><strong>jugo</strong></span> <span class='ocrx_word' id='word_1_16' title='bbox 796 484 1057 537; x_wconf 65' lang='lat' dir='ltr'><strong>subdere·</strong></span> <span class='ocrx_word' id='word_1_17' title='bbox 1122 484 1193 536; x_wconf 87' lang='lat' dir='ltr'><strong>Et</strong></span> <span class='ocrx_word' id='word_1_18' title='bbox 1217 500 1340 535; x_wconf 89' lang='lat' dir='ltr'><strong>sane</strong></span> <span class='ocrx_word' id='word_1_19' title='bbox 1366 482 1574 536; x_wconf 85' lang='lat' dir='ltr'><strong>videtur</strong></span> <span class='ocrx_word' id='word_1_20' title='bbox 1600 502 1696 554; x_wconf 94' lang='lat' dir='ltr'><strong>pro</strong></span> <span class='ocrx_word' id='word_1_21' title='bbox 1727 484 2100 540; x_wconf 85' lang='lat' dir='ltr'><strong>dominantium</strong></span> 
     </span>
     <span class='ocr_line' id='line_1_4' title="bbox 263 565 2099 638; baseline -0.001 -15"><span class='ocrx_word' id='word_1_22' title='bbox 263 569 489 632; x_wconf 91' lang='lat' dir='ltr'><strong>libidine,</strong></span> <span class='ocrx_word' id='word_1_23' title='bbox 516 567 659 630; x_wconf 90' lang='lat' dir='ltr'><strong>illud,</strong></span> <span class='ocrx_word' id='word_1_24' title='bbox 694 569 788 620; x_wconf 85' lang='lat' dir='ltr'><strong>Sic</strong></span> <span class='ocrx_word' id='word_1_25' title='bbox 817 567 933 620; x_wconf 82' lang='lat' dir='ltr'><strong>volo</strong></span> <span class='ocrx_word' id='word_1_26' title='bbox 962 568 1042 619; x_wconf 76' lang='lat' dir='ltr'><strong>sic</strong></span> <span class='ocrx_word' id='word_1_27' title='bbox 1068 566 1246 634; x_wconf 79' lang='lat' dir='ltr'><strong>jubeO,</strong></span> <span class='ocrx_word' id='word_1_28' title='bbox 1281 566 1420 636; x_wconf 91' lang='lat' dir='ltr'><strong>apud</strong></span> <span class='ocrx_word' id='word_1_29' title='bbox 1450 565 1604 636; x_wconf 86' lang='lat' dir='ltr'><strong>prisci</strong></span> <span class='ocrx_word' id='word_1_30' title='bbox 1632 566 1788 619; x_wconf 90' lang='lat' dir='ltr'><strong>seculi</strong></span> <span class='ocrx_word' id='word_1_31' title='bbox 1818 570 1987 638; x_wconf 68' lang='lat' dir='ltr'><strong>Reyes</strong></span> <span class='ocrx_word' id='word_1_32' title='bbox 2023 568 2099 622; x_wconf 89' lang='lat' dir='ltr'><strong>ita</strong></span> 
     </span>
     <span class='ocr_line' id='line_1_5' title="bbox 264 650 2097 719; baseline -0.001 -13"><span class='ocrx_word' id='word_1_33' title='bbox 264 651 559 714; x_wconf 86' lang='lat' dir='ltr'><strong>obtinuisse,</strong></span> <span class='ocrx_word' id='word_1_34' title='bbox 590 650 712 704; x_wconf 92' lang='lat' dir='ltr'><strong>dum</strong></span> <span class='ocrx_word' id='word_1_35' title='bbox 734 667 880 702; x_wconf 91' lang='lat' dir='ltr'><strong>mera</strong></span> <span class='ocrx_word' id='word_1_36' title='bbox 901 650 1232 718; x_wconf 81' lang='lat' dir='ltr'><strong>Principum</strong></span> <span class='ocrx_word' id='word_1_37' title='bbox 1260 650 1504 701; x_wconf 80' lang='lat' dir='ltr'><strong>arbitria</strong></span> <span class='ocrx_word' id='word_1_38' title='bbox 1523 667 1632 719; x_wconf 88' lang='lat' dir='ltr'><strong>pro</strong></span> <span class='ocrx_word' id='word_1_39' title='bbox 1649 650 1887 719; x_wconf 70' lang='lat' dir='ltr'><strong>Leyibus</strong></span> <span class='ocrx_word' id='word_1_40' title='bbox 1914 658 2097 705; x_wconf 86' lang='lat' dir='ltr'><strong>erant:</strong></span> 
     </span>
     <span class='ocr_line' id='line_1_6' title="bbox 262 730 2098 806; baseline -0.001 -18"><span class='ocrx_word' id='word_1_41' title='bbox 262 741 322 789; x_wconf 89' lang='lat' dir='ltr'><strong>ut</strong></span> <span class='ocrx_word' id='word_1_42' title='bbox 350 734 515 806; x_wconf 90' lang='lat' dir='ltr'><strong>ipsum</strong></span> <span class='ocrx_word' id='word_1_43' title='bbox 548 734 802 803; x_wconf 77' lang='lat' dir='ltr'><strong>Tyranni</strong></span> <span class='ocrx_word' id='word_1_44' title='bbox 830 750 1018 784; x_wconf 90' lang='lat' dir='ltr'><strong>nomen</strong></span> <span class='ocrx_word' id='word_1_45' title='bbox 1045 731 1289 784; x_wconf 84' lang='lat' dir='ltr'><strong>innocens</strong></span> <span class='ocrx_word' id='word_1_46' title='bbox 1317 730 1462 784; x_wconf 88' lang='lat' dir='ltr'><strong>initio</strong></span> <span class='ocrx_word' id='word_1_47' title='bbox 1493 738 1546 784; x_wconf 92' lang='lat' dir='ltr'><strong>et</strong></span> <span class='ocrx_word' id='word_1_48' title='bbox 1574 732 1862 795; x_wconf 85' lang='lat' dir='ltr'><strong>honestum,</strong></span> <span class='ocrx_word' id='word_1_49' title='bbox 1894 750 1959 785; x_wconf 86' lang='lat' dir='ltr'><strong>ex</strong></span> <span class='ocrx_word' id='word_1_50' title='bbox 1989 740 2098 787; x_wconf 87' lang='lat' dir='ltr'><strong>tam</strong></span> 
     </span>
     <span class='ocr_line' id='line_1_7' title="bbox 263 813 2095 888; baseline -0.001 -17"><span class='ocrx_word' id='word_1_51' title='bbox 263 816 502 871; x_wconf 89' lang='lat' dir='ltr'><strong>salutaris</strong></span> <span class='ocrx_word' id='word_1_52' title='bbox 530 815 775 888; x_wconf 73' lang='lat' dir='ltr'><strong>potentiae</strong></span> <span class='ocrx_word' id='word_1_53' title='bbox 810 815 947 868; x_wconf 85' lang='lat' dir='ltr'><strong>foedo</strong></span> <span class='ocrx_word' id='word_1_54' title='bbox 976 814 1154 877; x_wconf 91' lang='lat' dir='ltr'><strong>abusu,</strong></span> <span class='ocrx_word' id='word_1_55' title='bbox 1195 813 1248 867; x_wconf 90' lang='lat' dir='ltr'><strong>in</strong></span> <span class='ocrx_word' id='word_1_56' title='bbox 1283 814 1641 867; x_wconf 90' lang='lat' dir='ltr'><strong>contumeliam</strong></span> <span class='ocrx_word' id='word_1_57' title='bbox 1663 814 1865 885; x_wconf 89' lang='lat' dir='ltr'><strong>jamdiu</strong></span> <span class='ocrx_word' id='word_1_58' title='bbox 1894 815 2095 880; x_wconf 83' lang='lat' dir='ltr'><strong>abierit,</strong></span> 
     </span>
     <span class='ocr_line' id='line_1_8' title="bbox 263 895 2098 968; baseline -0.001 -14"><span class='ocrx_word' id='word_1_59' title='bbox 263 907 318 954; x_wconf 88' lang='lat' dir='ltr'><strong>et</strong></span> <span class='ocrx_word' id='word_1_60' title='bbox 358 899 674 953; x_wconf 89' lang='lat' dir='ltr'><strong>horrendum</strong></span> <span class='ocrx_word' id='word_1_61' title='bbox 709 897 902 968; x_wconf 92' lang='lat' dir='ltr'><strong>aliquid</strong></span> <span class='ocrx_word' id='word_1_62' title='bbox 930 897 1141 950; x_wconf 89' lang='lat' dir='ltr'><strong>auribus</strong></span> <span class='ocrx_word' id='word_1_63' title='bbox 1179 895 1384 959; x_wconf 75' lang='lat' dir='ltr'><strong>nostriS‚</strong></span> <span class='ocrx_word' id='word_1_64' title='bbox 1417 896 1618 966; x_wconf 85' lang='lat' dir='ltr'><strong>quoties</strong></span> <span class='ocrx_word' id='word_1_65' title='bbox 1646 897 1873 961; x_wconf 89' lang='lat' dir='ltr'><strong>auditur,</strong></span> <span class='ocrx_word' id='word_1_66' title='bbox 1904 898 2098 953; x_wconf 89' lang='lat' dir='ltr'><strong>inferre</strong></span> 
     </span>
     <span class='ocr_line' id='line_1_9' title="bbox 261 978 2097 1054; baseline 0 -18"><span class='ocrx_word' id='word_1_67' title='bbox 261 989 489 1054; x_wconf 88' lang='lat' dir='ltr'><strong>putetur.</strong></span> <span class='ocrx_word' id='word_1_68' title='bbox 576 980 738 1051; x_wconf 92' lang='lat' dir='ltr'><strong>Atqui</strong></span> <span class='ocrx_word' id='word_1_69' title='bbox 756 981 955 1051; x_wconf 80' lang='lat' dir='ltr'><strong>populi</strong></span> <span class='ocrx_word' id='word_1_70' title='bbox 992 978 1176 1032; x_wconf 90' lang='lat' dir='ltr'><strong>saltem</strong></span> <span class='ocrx_word' id='word_1_71' title='bbox 1202 998 1508 1033; x_wconf 76' lang='lat' dir='ltr'><strong>consensum</strong></span> <span class='ocrx_word' id='word_1_72' title='bbox 1536 979 1761 1050; x_wconf 89' lang='lat' dir='ltr'><strong>aliquem</strong></span> <span class='ocrx_word' id='word_1_73' title='bbox 1799 981 2010 1051; x_wconf 86' lang='lat' dir='ltr'><strong>requiri,</strong></span> <span class='ocrx_word' id='word_1_74' title='bbox 2044 990 2097 1036; x_wconf 90' lang='lat' dir='ltr'><strong>et</strong></span> 
     </span>
     <span class='ocr_line' id='line_1_10' title="bbox 261 1061 2094 1138; baseline 0 -20"><span class='ocrx_word' id='word_1_75' title='bbox 261 1072 385 1118; x_wconf 88' lang='lat' dir='ltr'><strong>ante</strong></span> <span class='ocrx_word' id='word_1_76' title='bbox 426 1063 743 1136; x_wconf 82' lang='lat' dir='ltr'><strong>praemonui3</strong></span> <span class='ocrx_word' id='word_1_77' title='bbox 789 1070 842 1116; x_wconf 88' lang='lat' dir='ltr'><strong>et</strong></span> <span class='ocrx_word' id='word_1_78' title='bbox 888 1063 955 1115; x_wconf 93' lang='lat' dir='ltr'><strong>ab</strong></span> <span class='ocrx_word' id='word_1_79' title='bbox 1003 1061 1252 1125; x_wconf 81' lang='lat' dir='ltr'><strong>omnibuS,</strong></span> <span class='ocrx_word' id='word_1_80' title='bbox 1301 1081 1429 1133; x_wconf 91' lang='lat' dir='ltr'><strong>quos</strong></span> <span class='ocrx_word' id='word_1_81' title='bbox 1471 1062 1598 1115; x_wconf 88' lang='lat' dir='ltr'><strong>mihi</strong></span> <span class='ocrx_word' id='word_1_82' title='bbox 1641 1063 1819 1117; x_wconf 87' lang='lat' dir='ltr'><strong>videre</strong></span> <span class='ocrx_word' id='word_1_83' title='bbox 1863 1065 2094 1138; x_wconf 85' lang='lat' dir='ltr'><strong>contigit,</strong></span> 
     </span>
     <span class='ocr_line' id='line_1_11' title="bbox 261 1144 2094 1219; baseline 0.001 -19"><span class='ocrx_word' id='word_1_84' title='bbox 261 1146 635 1219; x_wconf 86' lang='lat' dir='ltr'><strong>probatissimis</strong></span> <span class='ocrx_word' id='word_1_85' title='bbox 672 1144 1010 1215; x_wconf 87' lang='lat' dir='ltr'><strong>scriptoribus</strong></span> <span class='ocrx_word' id='word_1_86' title='bbox 1045 1144 1357 1198; x_wconf 89' lang='lat' dir='ltr'><strong>conceditur.</strong></span> <span class='ocrx_word' id='word_1_87' title='bbox 1436 1144 1584 1198; x_wconf 91' lang='lat' dir='ltr'><strong>Adeo</strong></span> <span class='ocrx_word' id='word_1_88' title='bbox 1626 1153 1685 1199; x_wconf 91' lang='lat' dir='ltr'><strong>ut</strong></span> <span class='ocrx_word' id='word_1_89' title='bbox 1718 1146 1816 1216; x_wconf 86' lang='lat' dir='ltr'><strong>ipsi</strong></span> <span class='ocrx_word' id='word_1_90' title='bbox 1854 1150 2094 1211; x_wconf 77' lang='lat' dir='ltr'><strong>Jesuitce,</strong></span> 
     </span>
     <span class='ocr_line' id='line_1_12' title="bbox 262 1227 2097 1300; baseline 0.001 -17"><span class='ocrx_word' id='word_1_91' title='bbox 262 1230 352 1300; x_wconf 91' lang='lat' dir='ltr'><strong>qui</strong></span> <span class='ocrx_word' id='word_1_92' title='bbox 380 1236 499 1283; x_wconf 88' lang='lat' dir='ltr'><strong>sunt</strong></span> <span class='ocrx_word' id='word_1_93' title='bbox 534 1231 899 1283; x_wconf 84' lang='lat' dir='ltr'><strong>OEcumenicce</strong></span> <span class='ocrx_word' id='word_1_94' title='bbox 940 1235 993 1281; x_wconf 93' lang='lat' dir='ltr'><strong>et</strong></span> <span class='ocrx_word' id='word_1_95' title='bbox 1027 1227 1179 1280; x_wconf 90' lang='lat' dir='ltr'><strong>nullis</strong></span> <span class='ocrx_word' id='word_1_96' title='bbox 1208 1227 1457 1281; x_wconf 78' lang='lat' dir='ltr'><strong>conclusae</strong></span> <span class='ocrx_word' id='word_1_97' title='bbox 1486 1227 1672 1281; x_wconf 87' lang='lat' dir='ltr'><strong>finibus</strong></span> <span class='ocrx_word' id='word_1_98' title='bbox 1701 1232 1990 1298; x_wconf 76' lang='lat' dir='ltr'><strong>Pontificis</strong></span> <span class='ocrx_word' id='word_1_99' title='bbox 2018 1231 2097 1284; x_wconf 90' lang='lat' dir='ltr'><strong>sui</strong></span> 
     </span>
     <span class='ocr_line' id='line_1_13' title="bbox 261 1310 2097 1383; baseline 0.001 -17"><span class='ocrx_word' id='word_1_100' title='bbox 261 1315 657 1383; x_wconf 83' lang='lat' dir='ltr'><strong>omnipotentiae</strong></span> <span class='ocrx_word' id='word_1_101' title='bbox 692 1318 977 1364; x_wconf 87' lang='lat' dir='ltr'><strong>assertores</strong></span> <span class='ocrx_word' id='word_1_102' title='bbox 1011 1310 1264 1373; x_wconf 87' lang='lat' dir='ltr'><strong>acerrimi,</strong></span> <span class='ocrx_word' id='word_1_103' title='bbox 1310 1311 1627 1364; x_wconf 88' lang='lat' dir='ltr'><strong>excusandos</strong></span> <span class='ocrx_word' id='word_1_104' title='bbox 1666 1319 1840 1365; x_wconf 92' lang='lat' dir='ltr'><strong>tamen</strong></span> <span class='ocrx_word' id='word_1_105' title='bbox 1884 1314 1949 1366; x_wconf 94' lang='lat' dir='ltr'><strong>ob</strong></span> <span class='ocrx_word' id='word_1_106' title='bbox 1992 1332 2097 1367; x_wconf 88' lang='lat' dir='ltr'><strong>non</strong></span> 
     </span>
     <span class='ocr_line' id='line_1_14' title="bbox 262 1395 2094 1465; baseline -0.001 -15"><span class='ocrx_word' id='word_1_107' title='bbox 262 1402 498 1450; x_wconf 85' lang='lat' dir='ltr'><strong>servatas</strong></span> <span class='ocrx_word' id='word_1_108' title='bbox 535 1395 765 1449; x_wconf 82' lang='lat' dir='ltr'><strong>Concilii</strong></span> <span class='ocrx_word' id='word_1_109' title='bbox 805 1395 1120 1447; x_wconf 75' lang='lat' dir='ltr'><strong>Tridentini</strong></span> <span class='ocrx_word' id='word_1_110' title='bbox 1157 1404 1206 1447; x_wconf 89' lang='lat' dir='ltr'><strong>et</strong></span> <span class='ocrx_word' id='word_1_111' title='bbox 1241 1395 1423 1446; x_wconf 75' lang='lat' dir='ltr'><strong>Bultae</strong></span> <span class='ocrx_word' id='word_1_112' title='bbox 1459 1396 1629 1449; x_wconf 83' lang='lat' dir='ltr'><strong>Coence</strong></span> <span class='ocrx_word' id='word_1_113' title='bbox 1657 1397 1846 1465; x_wconf 60' lang='lat' dir='ltr'><strong>Legte&amp;</strong></span> <span class='ocrx_word' id='word_1_114' title='bbox 1887 1414 1948 1448; x_wconf 92' lang='lat' dir='ltr'><strong>eo</strong></span> <span class='ocrx_word' id='word_1_115' title='bbox 1988 1396 2094 1449; x_wconf 89' lang='lat' dir='ltr'><strong>solo</strong></span> 
     </span>
     <span class='ocr_line' id='line_1_15' title="bbox 261 1475 2094 1550; baseline -0.001 -19"><span class='ocrx_word' id='word_1_116' title='bbox 261 1478 467 1532; x_wconf 91' lang='lat' dir='ltr'><strong>nomine</strong></span> <span class='ocrx_word' id='word_1_117' title='bbox 492 1484 677 1549; x_wconf 89' lang='lat' dir='ltr'><strong>putent</strong></span> <span class='ocrx_word' id='word_1_118' title='bbox 704 1477 759 1529; x_wconf 88' lang='lat' dir='ltr'><strong>in</strong></span> <span class='ocrx_word' id='word_1_119' title='bbox 785 1478 1089 1531; x_wconf 77' lang='lat' dir='ltr'><strong>Germania</strong></span> <span class='ocrx_word' id='word_1_120' title='bbox 1117 1483 1171 1529; x_wconf 90' lang='lat' dir='ltr'><strong>et</strong></span> <span class='ocrx_word' id='word_1_121' title='bbox 1199 1475 1322 1529; x_wconf 90' lang='lat' dir='ltr'><strong>alibi</strong></span> <span class='ocrx_word' id='word_1_122' title='bbox 1347 1475 1549 1539; x_wconf 81' lang='lat' dir='ltr'><strong>multOS‚</strong></span> <span class='ocrx_word' id='word_1_123' title='bbox 1589 1477 1727 1547; x_wconf 93' lang='lat' dir='ltr'><strong>quod</strong></span> <span class='ocrx_word' id='word_1_124' title='bbox 1755 1477 1809 1529; x_wconf 91' lang='lat' dir='ltr'><strong>in</strong></span> <span class='ocrx_word' id='word_1_125' title='bbox 1837 1477 1899 1529; x_wconf 86' lang='lat' dir='ltr'><strong>iis</strong></span> <span class='ocrx_word' id='word_1_126' title='bbox 1928 1478 2094 1550; x_wconf 87' lang='lat' dir='ltr'><strong>genti-</strong></span> 
     </span>
     <span class='ocr_line' id='line_1_16' title="bbox 261 1558 2096 1631; baseline -0.001 -16"><span class='ocrx_word' id='word_1_127' title='bbox 261 1562 358 1615; x_wconf 90' lang='lat' dir='ltr'><strong>bus</strong></span> <span class='ocrx_word' id='word_1_128' title='bbox 385 1578 646 1630; x_wconf 92' lang='lat' dir='ltr'><strong>nunquam</strong></span> <span class='ocrx_word' id='word_1_129' title='bbox 674 1558 866 1613; x_wconf 87' lang='lat' dir='ltr'><strong>fuerint</strong></span> <span class='ocrx_word' id='word_1_130' title='bbox 894 1558 996 1611; x_wconf 85' lang='lat' dir='ltr'><strong>illae</strong></span> <span class='ocrx_word' id='word_1_131' title='bbox 1020 1559 1188 1630; x_wconf 88' lang='lat' dir='ltr'><strong>Leges</strong></span> <span class='ocrx_word' id='word_1_132' title='bbox 1217 1577 1319 1612; x_wconf 80' lang='lat' dir='ltr'><strong>usu</strong></span> <span class='ocrx_word' id='word_1_133' title='bbox 1347 1569 1585 1629; x_wconf 82' lang='lat' dir='ltr'><strong>receptoe.</strong></span> <span class='ocrx_word' id='word_1_134' title='bbox 1675 1559 1804 1612; x_wconf 89' lang='lat' dir='ltr'><strong>Dico</strong></span> <span class='ocrx_word' id='word_1_135' title='bbox 1832 1559 2009 1631; x_wconf 86' lang='lat' dir='ltr'><strong>igitur,</strong></span> <span class='ocrx_word' id='word_1_136' title='bbox 2042 1568 2096 1614; x_wconf 84' lang='lat' dir='ltr'><strong>et</strong></span> 
     </span>
     <span class='ocr_line' id='line_1_17' title="bbox 262 1640 2096 1712; baseline -0.001 -15"><span class='ocrx_word' id='word_1_137' title='bbox 262 1651 342 1697; x_wconf 87' lang='lat' dir='ltr'><strong>est</strong></span> <span class='ocrx_word' id='word_1_138' title='bbox 370 1642 649 1696; x_wconf 90' lang='lat' dir='ltr'><strong>communis</strong></span> <span class='ocrx_word' id='word_1_139' title='bbox 676 1641 946 1703; x_wconf 87' lang='lat' dir='ltr'><strong>sententia,</strong></span> <span class='ocrx_word' id='word_1_140' title='bbox 984 1640 1246 1694; x_wconf 85' lang='lat' dir='ltr'><strong>institutas</strong></span> <span class='ocrx_word' id='word_1_141' title='bbox 1275 1647 1328 1694; x_wconf 84' lang='lat' dir='ltr'><strong>et</strong></span> <span class='ocrx_word' id='word_1_142' title='bbox 1365 1641 1656 1711; x_wconf 89' lang='lat' dir='ltr'><strong>propositas</strong></span> <span class='ocrx_word' id='word_1_143' title='bbox 1696 1660 1729 1694; x_wconf 90' lang='lat' dir='ltr'><strong>a</strong></span> <span class='ocrx_word' id='word_1_144' title='bbox 1763 1642 1930 1712; x_wconf 90' lang='lat' dir='ltr'><strong>capite</strong></span> <span class='ocrx_word' id='word_1_145' title='bbox 1962 1661 2096 1696; x_wconf 91' lang='lat' dir='ltr'><strong>com-</strong></span> 
     </span>
     <span class='ocr_line' id='line_1_18' title="bbox 260 1725 2096 1795; baseline 0 -16"><span class='ocrx_word' id='word_1_146' title='bbox 260 1725 525 1779; x_wconf 87' lang='lat' dir='ltr'><strong>munitatis</strong></span> <span class='ocrx_word' id='word_1_147' title='bbox 567 1743 658 1778; x_wconf 91' lang='lat' dir='ltr'><strong>seu</strong></span> <span class='ocrx_word' id='word_1_148' title='bbox 702 1726 969 1793; x_wconf 77' lang='lat' dir='ltr'><strong>Principe</strong></span> <span class='ocrx_word' id='word_1_149' title='bbox 1009 1725 1209 1795; x_wconf 83' lang='lat' dir='ltr'><strong>Leges3</strong></span> <span class='ocrx_word' id='word_1_150' title='bbox 1272 1741 1375 1776; x_wconf 92' lang='lat' dir='ltr'><strong>non</strong></span> <span class='ocrx_word' id='word_1_151' title='bbox 1418 1726 1660 1794; x_wconf 70' lang='lat' dir='ltr'><strong>obliyare</strong></span> <span class='ocrx_word' id='word_1_152' title='bbox 1703 1725 1949 1788; x_wconf 81' lang='lat' dir='ltr'><strong>subditos,</strong></span> <span class='ocrx_word' id='word_1_153' title='bbox 2001 1744 2096 1779; x_wconf 90' lang='lat' dir='ltr'><strong>nec</strong></span> 
     </span>
     <span class='ocr_line' id='line_1_19' title="bbox 260 1805 2096 1879; baseline 0 -16"><span class='ocrx_word' id='word_1_154' title='bbox 260 1812 371 1863; x_wconf 83' lang='lat' dir='ltr'><strong>vim</strong></span> <span class='ocrx_word' id='word_1_155' title='bbox 399 1810 564 1878; x_wconf 71' lang='lat' dir='ltr'><strong>Leyis</strong></span> <span class='ocrx_word' id='word_1_156' title='bbox 603 1807 814 1873; x_wconf 91' lang='lat' dir='ltr'><strong>habere,</strong></span> <span class='ocrx_word' id='word_1_157' title='bbox 863 1805 959 1859; x_wconf 89' lang='lat' dir='ltr'><strong>nisi</strong></span> <span class='ocrx_word' id='word_1_158' title='bbox 1001 1807 1068 1859; x_wconf 89' lang='lat' dir='ltr'><strong>ab</strong></span> <span class='ocrx_word' id='word_1_159' title='bbox 1107 1806 1218 1877; x_wconf 89' lang='lat' dir='ltr'><strong>ipsa</strong></span> <span class='ocrx_word' id='word_1_160' title='bbox 1252 1809 1633 1860; x_wconf 81' lang='lat' dir='ltr'><strong>communitate</strong></span> <span class='ocrx_word' id='word_1_161' title='bbox 1670 1807 2001 1879; x_wconf 88' lang='lat' dir='ltr'><strong>recipiantur,</strong></span> <span class='ocrx_word' id='word_1_162' title='bbox 2042 1816 2096 1863; x_wconf 80' lang='lat' dir='ltr'><strong>et</strong></span> 
     </span>
     <span class='ocr_line' id='line_1_20' title="bbox 258 1889 2095 1960; baseline 0 -15"><span class='ocrx_word' id='word_1_163' title='bbox 258 1891 514 1946; x_wconf 85' lang='lat' dir='ltr'><strong>utentium</strong></span> <span class='ocrx_word' id='word_1_164' title='bbox 542 1891 626 1946; x_wconf 87' lang='lat' dir='ltr'><strong>vel</strong></span> <span class='ocrx_word' id='word_1_165' title='bbox 653 1891 938 1960; x_wconf 72' lang='lat' dir='ltr'><strong>suffrayiis</strong></span> <span class='ocrx_word' id='word_1_166' title='bbox 967 1889 1048 1943; x_wconf 88' lang='lat' dir='ltr'><strong>vel</strong></span> <span class='ocrx_word' id='word_1_167' title='bbox 1081 1891 1320 1943; x_wconf 76' lang='lat' dir='ltr'><strong>moribus</strong></span> <span class='ocrx_word' id='word_1_168' title='bbox 1349 1891 1764 1960; x_wconf 87' lang='lat' dir='ltr'><strong>comprobentur.</strong></span> <span class='ocrx_word' id='word_1_169' title='bbox 1845 1892 2095 1945; x_wconf 88' lang='lat' dir='ltr'><strong>uDemos-</strong></span> 
     </span>
     <span class='ocr_line' id='line_1_21' title="bbox 259 1967 2095 2043; baseline -0.001 -15"><span class='ocrx_word' id='word_1_170' title='bbox 259 1974 405 2029; x_wconf 85' lang='lat' dir='ltr'><strong>theni</strong></span> <span class='ocrx_word' id='word_1_171' title='bbox 434 1976 546 2028; x_wconf 83' lang='lat' dir='ltr'><strong>Lex</strong></span> <span class='ocrx_word' id='word_1_172' title='bbox 576 1981 654 2027; x_wconf 89' lang='lat' dir='ltr'><strong>est</strong></span> <span class='ocrx_word' id='word_1_173' title='bbox 683 1970 895 2032; x_wconf 81' lang='grc' dir='ltr'>πόλεως</span> <span class='ocrx_word' id='word_1_174' title='bbox 921 1968 1161 2038; x_wconf 84' lang='grc' dir='ltr'>συνθήκη</span> <span class='ocrx_word' id='word_1_175' title='bbox 1192 1967 1352 2037; x_wconf 72' lang='grc' dir='ltr'>κοινή,</span> <span class='ocrx_word' id='word_1_176' title='bbox 1390 1974 1695 2026; x_wconf 82' lang='lat' dir='ltr'><strong>Communis</strong></span> <span class='ocrx_word' id='word_1_177' title='bbox 1722 1976 1936 2043; x_wconf 78' lang='lat' dir='ltr'><strong>sponsio</strong></span> <span class='ocrx_word' id='word_1_178' title='bbox 1965 1976 2095 2027; x_wconf 83' lang='lat' dir='ltr'><strong>civi-</strong></span> 
     </span>
     <span class='ocr_line' id='line_1_22' title="bbox 263 2054 2093 2127; baseline -0.001 -15"><span class='ocrx_word' id='word_1_179' title='bbox 263 2061 396 2112; x_wconf 78' lang='lat' dir='ltr'><strong>tatis</strong></span> <span class='ocrx_word' id='word_1_180' title='bbox 416 2077 433 2110; x_wconf 91' lang='lat'><strong>.·</strong></span> <span class='ocrx_word' id='word_1_181' title='bbox 497 2056 640 2127; x_wconf 88' lang='lat' dir='ltr'><strong>cujus</strong></span> <span class='ocrx_word' id='word_1_182' title='bbox 685 2056 881 2125; x_wconf 89' lang='lat' dir='ltr'><strong>siquem</strong></span> <span class='ocrx_word' id='word_1_183' title='bbox 925 2054 1093 2107; x_wconf 90' lang='lat' dir='ltr'><strong>minus</strong></span> <span class='ocrx_word' id='word_1_184' title='bbox 1142 2061 1349 2107; x_wconf 85' lang='lat' dir='ltr'><strong>moveat</strong></span> <span class='ocrx_word' id='word_1_185' title='bbox 1382 2054 1479 2106; x_wconf 90' lang='lat' dir='ltr'><strong>hac</strong></span> <span class='ocrx_word' id='word_1_186' title='bbox 1516 2054 1569 2106; x_wconf 91' lang='lat' dir='ltr'><strong>in</strong></span> <span class='ocrx_word' id='word_1_187' title='bbox 1609 2072 1762 2108; x_wconf 90' lang='lat' dir='ltr'><strong>causa</strong></span> <span class='ocrx_word' id='word_1_188' title='bbox 1797 2057 2093 2120; x_wconf 77' lang='lat' dir='ltr'><strong>auctoritaS,</strong></span> 
     </span>
     <span class='ocr_line' id='line_1_23' title="bbox 262 2137 2094 2211; baseline 0 -18"><span class='ocrx_word' id='word_1_189' title='bbox 262 2140 399 2211; x_wconf 92' lang='lat' dir='ltr'><strong>quod</strong></span> <span class='ocrx_word' id='word_1_190' title='bbox 427 2139 481 2192; x_wconf 89' lang='lat' dir='ltr'><strong>in</strong></span> <span class='ocrx_word' id='word_1_191' title='bbox 502 2139 908 2193; x_wconf 76' lang='lat' dir='ltr'><strong>Atheniensium</strong></span> <span class='ocrx_word' id='word_1_192' title='bbox 918 2137 1222 2207; x_wconf 80' lang='lat' dir='ltr'><strong>Republica</strong></span> <span class='ocrx_word' id='word_1_193' title='bbox 1233 2138 1502 2206; x_wconf 80' lang='lat' dir='ltr'><strong>populari</strong></span> <span class='ocrx_word' id='word_1_194' title='bbox 1523 2144 1819 2190; x_wconf 88' lang='lat' dir='ltr'><strong>versaretur</strong></span> <span class='ocrx_word' id='word_1_195' title='bbox 1838 2158 1851 2201; x_wconf 84' lang='lat'><em>3</em></span> <span class='ocrx_word' id='word_1_196' title='bbox 1881 2139 2094 2193; x_wconf 85' lang='lat' dir='ltr'><strong>accedat</strong></span> 
     </span>
     <span class='ocr_line' id='line_1_24' title="bbox 261 2218 2094 2291; baseline 0 -16"><span class='ocrx_word' id='word_1_197' title='bbox 261 2224 484 2275; x_wconf 81' lang='lat' dir='ltr'><strong>Juliani</strong></span> <span class='ocrx_word' id='word_1_198' title='bbox 511 2223 671 2274; x_wconf 76' lang='lat' dir='ltr'><strong>Juris</strong></span> <span class='ocrx_word' id='word_1_199' title='bbox 699 2221 929 2273; x_wconf 78' lang='lat' dir='ltr'><strong>consulti</strong></span> <span class='ocrx_word' id='word_1_200' title='bbox 967 2218 1262 2281; x_wconf 81' lang='lat' dir='ltr'><strong>auctoritaS,</strong></span> <span class='ocrx_word' id='word_1_201' title='bbox 1305 2218 1393 2288; x_wconf 86' lang='lat' dir='ltr'><strong>qui</strong></span> <span class='ocrx_word' id='word_1_202' title='bbox 1427 2219 1521 2272; x_wconf 92' lang='lat' dir='ltr'><strong>sub</strong></span> <span class='ocrx_word' id='word_1_203' title='bbox 1554 2222 1820 2274; x_wconf 79' lang='lat' dir='ltr'><strong>Romanis</strong></span> <span class='ocrx_word' id='word_1_204' title='bbox 1849 2224 2094 2291; x_wconf 87' lang='lat' dir='ltr'><strong>Impera-</strong></span> 
     </span>
     <span class='ocr_line' id='line_1_25' title="bbox 264 2300 2092 2374; baseline -0.001 -15"><span class='ocrx_word' id='word_1_205' title='bbox 264 2307 469 2359; x_wconf 79' lang='lat' dir='ltr'><strong>toribus</strong></span> <span class='ocrx_word' id='word_1_206' title='bbox 497 2303 628 2356; x_wconf 84' lang='lat' dir='ltr'><strong>vixit</strong></span> <span class='ocrx_word' id='word_1_207' title='bbox 653 2302 804 2374; x_wconf 93' lang='lat' dir='ltr'><strong>pleno</strong></span> <span class='ocrx_word' id='word_1_208' title='bbox 827 2301 948 2372; x_wconf 87' lang='lat' dir='ltr'><strong>jure</strong></span> <span class='ocrx_word' id='word_1_209' title='bbox 975 2300 1378 2371; x_wconf 82' lang='lat' dir='ltr'><strong>imperantibus3</strong></span> <span class='ocrx_word' id='word_1_210' title='bbox 1424 2301 1566 2372; x_wconf 90' lang='lat' dir='ltr'><strong>cujus</strong></span> <span class='ocrx_word' id='word_1_211' title='bbox 1595 2302 1756 2356; x_wconf 88' lang='lat' dir='ltr'><strong>verba</strong></span> <span class='ocrx_word' id='word_1_212' title='bbox 1780 2310 1915 2368; x_wconf 87' lang='lat' dir='ltr'><strong>sunt,</strong></span> <span class='ocrx_word' id='word_1_213' title='bbox 1948 2307 1980 2358; x_wconf 80' lang='lat' dir='ltr'><strong>l.</strong></span> <span class='ocrx_word' id='word_1_214' title='bbox 2002 2306 2092 2359; x_wconf 85' lang='lat'><strong>32.</strong></span> 
     </span>
     <span class='ocr_line' id='line_1_26' title="bbox 261 2385 2091 2457; baseline -0.001 -15"><span class='ocrx_word' id='word_1_215' title='bbox 261 2392 329 2442; x_wconf 89' lang='lat' dir='ltr'><strong>F.</strong></span> <span class='ocrx_word' id='word_1_216' title='bbox 361 2390 426 2441; x_wconf 84' lang='lat' dir='ltr'><strong>de</strong></span> <span class='ocrx_word' id='word_1_217' title='bbox 454 2388 727 2457; x_wconf 71' lang='lat' dir='ltr'><strong>Leyibus;</strong></span> <span class='ocrx_word' id='word_1_218' title='bbox 769 2387 912 2454; x_wconf 81' lang='lat' dir='ltr'><strong>Ipsae</strong></span> <span class='ocrx_word' id='word_1_219' title='bbox 941 2386 1110 2454; x_wconf 72' lang='lat' dir='ltr'><strong>Leyes</strong></span> <span class='ocrx_word' id='word_1_220' title='bbox 1137 2385 1294 2437; x_wconf 79' lang='lat' dir='ltr'><strong>nulla</strong></span> <span class='ocrx_word' id='word_1_221' title='bbox 1331 2385 1453 2437; x_wconf 80' lang='lat' dir='ltr'><strong>alia</strong></span> <span class='ocrx_word' id='word_1_222' title='bbox 1479 2403 1541 2438; x_wconf 77' lang='lat' dir='ltr'><strong>ex</strong></span> <span class='ocrx_word' id='word_1_223' title='bbox 1578 2403 1749 2439; x_wconf 75' lang='lat' dir='ltr'><strong>causa</strong></span> <span class='ocrx_word' id='word_1_224' title='bbox 1778 2405 1873 2441; x_wconf 70' lang='lat' dir='ltr'><strong>noc</strong></span> <span class='ocrx_word' id='word_1_225' title='bbox 1903 2397 2091 2451; x_wconf 88' lang='lat' dir='ltr'><strong>tenent,</strong></span> 
     </span>
     <span class='ocr_line' id='line_1_27' title="bbox 261 2468 1461 2543; baseline -0.001 -19"><span class='ocrx_word' id='word_1_226' title='bbox 261 2490 425 2543; x_wconf 80' lang='lat' dir='ltr'><strong>quam</strong></span> <span class='ocrx_word' id='word_1_227' title='bbox 455 2472 597 2540; x_wconf 78' lang='lat' dir='ltr'><strong>quod</strong></span> <span class='ocrx_word' id='word_1_228' title='bbox 612 2469 827 2538; x_wconf 80' lang='lat' dir='ltr'><strong>judicio</strong></span> <span class='ocrx_word' id='word_1_229' title='bbox 851 2468 1044 2537; x_wconf 82' lang='lat' dir='ltr'><strong>populi</strong></span> <span class='ocrx_word' id='word_1_230' title='bbox 1071 2477 1293 2537; x_wconf 84' lang='lat' dir='ltr'><strong>receptce</strong></span> <span class='ocrx_word' id='word_1_231' title='bbox 1321 2477 1461 2523; x_wconf 78' lang='lat' dir='ltr'><strong>sunt.</strong></span> 
     </span>
    </p>

    <p class='ocr_par' dir='ltr' id='par_1_3' title="bbox 259 2549 2094 2786">
     <span class='ocr_line' id='line_1_28' title="bbox 388 2549 2094 2620; baseline 0 -14"><span class='ocrx_word' id='word_1_232' title='bbox 388 2554 535 2606; x_wconf 91' lang='lat' dir='ltr'><strong>XIV.</strong></span> <span class='ocrx_word' id='word_1_233' title='bbox 617 2551 722 2604; x_wconf 85' lang='lat' dir='ltr'><strong>Sed</strong></span> <span class='ocrx_word' id='word_1_234' title='bbox 749 2549 884 2603; x_wconf 92' lang='lat' dir='ltr'><strong>enim</strong></span> <span class='ocrx_word' id='word_1_235' title='bbox 911 2549 1057 2602; x_wconf 89' lang='lat' dir='ltr'><strong>istius</strong></span> <span class='ocrx_word' id='word_1_236' title='bbox 1083 2552 1404 2620; x_wconf 76' lang='lat' dir='ltr'><strong>receptionis</strong></span> <span class='ocrx_word' id='word_1_237' title='bbox 1432 2549 1539 2604; x_wconf 86' lang='lat' dir='ltr'><strong>sive</strong></span> <span class='ocrx_word' id='word_1_238' title='bbox 1567 2570 1846 2607; x_wconf 74' lang='lat' dir='ltr'><strong>consensus</strong></span> <span class='ocrx_word' id='word_1_239' title='bbox 1870 2552 2094 2606; x_wconf 89' lang='lat' dir='ltr'><strong>necessi-</strong></span> 
     </span>
     <span class='ocr_line' id='line_1_29' title="bbox 261 2634 2093 2704; baseline 0 -15"><span class='ocrx_word' id='word_1_240' title='bbox 261 2643 439 2698; x_wconf 90' lang='lat' dir='ltr'><strong>tatem,</strong></span> <span class='ocrx_word' id='word_1_241' title='bbox 472 2634 569 2687; x_wconf 87' lang='lat' dir='ltr'><strong>etsi</strong></span> <span class='ocrx_word' id='word_1_242' title='bbox 590 2651 766 2687; x_wconf 89' lang='lat' dir='ltr'><strong>omnes</strong></span> <span class='ocrx_word' id='word_1_243' title='bbox 794 2639 1091 2704; x_wconf 83' lang='lat' dir='ltr'><strong>agnoscant,</strong></span> <span class='ocrx_word' id='word_1_244' title='bbox 1121 2650 1225 2684; x_wconf 89' lang='lat' dir='ltr'><strong>non</strong></span> <span class='ocrx_word' id='word_1_245' title='bbox 1253 2639 1428 2685; x_wconf 90' lang='lat' dir='ltr'><strong>tamen</strong></span> <span class='ocrx_word' id='word_1_246' title='bbox 1457 2651 1523 2686; x_wconf 88' lang='lat' dir='ltr'><strong>ex</strong></span> <span class='ocrx_word' id='word_1_247' title='bbox 1552 2635 1730 2687; x_wconf 91' lang='lat' dir='ltr'><strong>eodem</strong></span> <span class='ocrx_word' id='word_1_248' title='bbox 1748 2636 1890 2689; x_wconf 87' lang='lat' dir='ltr'><strong>fonte</strong></span> <span class='ocrx_word' id='word_1_249' title='bbox 1917 2654 2093 2689; x_wconf 90' lang='lat' dir='ltr'><strong>omnes</strong></span> 
     </span>
     <span class='ocr_line' id='line_1_30' title="bbox 259 2714 2094 2786; baseline 0 -14"><span class='ocrx_word' id='word_1_250' title='bbox 259 2723 545 2772; x_wconf 88' lang='lat' dir='ltr'><strong>accersunt.</strong></span> <span class='ocrx_word' id='word_1_251' title='bbox 631 2716 764 2769; x_wconf 87' lang='lat' dir='ltr'><strong>Sunt</strong></span> <span class='ocrx_word' id='word_1_252' title='bbox 792 2714 881 2785; x_wconf 90' lang='lat' dir='ltr'><strong>qui</strong></span> <span class='ocrx_word' id='word_1_253' title='bbox 908 2721 1108 2786; x_wconf 86' lang='lat' dir='ltr'><strong>putent,</strong></span> <span class='ocrx_word' id='word_1_254' title='bbox 1137 2716 1337 2786; x_wconf 80' lang='lat' dir='ltr'><strong>populi</strong></span> <span class='ocrx_word' id='word_1_255' title='bbox 1380 2735 1687 2771; x_wconf 79' lang='lat' dir='ltr'><strong>consensum</strong></span> <span class='ocrx_word' id='word_1_256' title='bbox 1724 2717 1777 2771; x_wconf 90' lang='lat' dir='ltr'><strong>in</strong></span> <span class='ocrx_word' id='word_1_257' title='bbox 1817 2718 2094 2772; x_wconf 86' lang='lat' dir='ltr'><strong>condendis</strong></span> 
     </span>
    </p>
   </div>
   <div class='ocr_carea' id='block_1_3' title="bbox 489 2900 1862 2952">
    <p class='ocr_par' dir='ltr' id='par_1_4' title="bbox 489 2900 1862 2952">
     <span class='ocr_line' id='line_1_31' title="bbox 489 2900 1862 2952; baseline 0.001 -12"><span class='ocrx_word' id='word_1_258' title='bbox 489 2909 507 2930; x_wconf 83' lang='lat'><strong>¹¹</strong></span> <span class='ocrx_word' id='word_1_259' title='bbox 534 2903 677 2952; x_wconf 87' lang='lat' dir='ltr'><strong>[contr.</strong></span> <span class='ocrx_word' id='word_1_260' title='bbox 696 2901 911 2952; x_wconf 86' lang='lat' dir='ltr'><strong>Aristogit.</strong></span> <span class='ocrx_word' id='word_1_261' title='bbox 932 2900 1045 2940; x_wconf 86' lang='lat' dir='ltr'><strong>Orat.</strong></span> <span class='ocrx_word' id='word_1_262' title='bbox 1064 2901 1113 2949; x_wconf 91' lang='lat'><strong>1.,</strong></span> <span class='ocrx_word' id='word_1_263' title='bbox 1132 2901 1240 2951; x_wconf 89' lang='lat' dir='ltr'><strong>Opp.</strong></span> <span class='ocrx_word' id='word_1_264' title='bbox 1260 2913 1301 2951; x_wconf 91' lang='lat' dir='ltr'><strong>p.</strong></span> <span class='ocrx_word' id='word_1_265' title='bbox 1320 2901 1406 2941; x_wconf 80' lang='lat'><strong>774.</strong></span> <span class='ocrx_word' id='word_1_266' title='bbox 1429 2901 1533 2939; x_wconf 89' lang='lat' dir='ltr'><strong>Sect.</strong></span> <span class='ocrx_word' id='word_1_267' title='bbox 1553 2901 1614 2949; x_wconf 88' lang='grc'><strong>16,</strong></span> <span class='ocrx_word' id='word_1_268' title='bbox 1633 2900 1693 2939; x_wconf 91' lang='lat' dir='ltr'><strong>ed.</strong></span> <span class='ocrx_word' id='word_1_269' title='bbox 1713 2901 1862 2951; x_wconf 87' lang='lat' dir='ltr'><strong>Bekk.]</strong></span> 
     </span>
    </p>
   </div>
   <div class='ocr_carea' id='block_1_4' title="bbox 259 3007 2100 3417">
    <p class='ocr_par' dir='ltr' id='par_1_5' title="bbox 259 3007 2094 3277">
     <span class='ocr_line' id='line_1_32' title="bbox 259 3007 2093 3066; baseline -0.001 -11"><span class='ocrx_word' id='word_1_270' title='bbox 259 3010 342 3055; x_wconf 89' lang='lat' dir='ltr'><strong>the</strong></span> <span class='ocrx_word' id='word_1_271' title='bbox 374 3008 622 3053; x_wconf 87' lang='lat' dir='ltr'><strong>unlimited</strong></span> <span class='ocrx_word' id='word_1_272' title='bbox 654 3022 811 3066; x_wconf 86' lang='lat' dir='ltr'><strong>power</strong></span> <span class='ocrx_word' id='word_1_273' title='bbox 844 3008 898 3053; x_wconf 83' lang='lat' dir='ltr'><strong>of</strong></span> <span class='ocrx_word' id='word_1_274' title='bbox 935 3007 1018 3053; x_wconf 91' lang='lat' dir='ltr'><strong>the</strong></span> <span class='ocrx_word' id='word_1_275' title='bbox 1052 3009 1198 3066; x_wconf 91' lang='lat' dir='ltr'><strong>Pope,</strong></span> <span class='ocrx_word' id='word_1_276' title='bbox 1232 3009 1328 3053; x_wconf 91' lang='lat' dir='ltr'><strong>still</strong></span> <span class='ocrx_word' id='word_1_277' title='bbox 1360 3008 1476 3052; x_wconf 91' lang='lat' dir='ltr'><strong>hold</strong></span> <span class='ocrx_word' id='word_1_278' title='bbox 1510 3008 1616 3052; x_wconf 89' lang='lat' dir='ltr'><strong>that</strong></span> <span class='ocrx_word' id='word_1_279' title='bbox 1646 3022 1788 3066; x_wconf 85' lang='lat' dir='ltr'><strong>many</strong></span> <span class='ocrx_word' id='word_1_280' title='bbox 1818 3021 2010 3066; x_wconf 88' lang='lat' dir='ltr'><strong>persons</strong></span> <span class='ocrx_word' id='word_1_281' title='bbox 2043 3010 2093 3053; x_wconf 90' lang='lat' dir='ltr'><strong>in</strong></span> 
     </span>
     <span class='ocr_line' id='line_1_33' title="bbox 262 3079 2093 3138; baseline -0.001 -13"><span class='ocrx_word' id='word_1_282' title='bbox 262 3082 500 3138; x_wconf 80' lang='lat' dir='ltr'><strong>Germany</strong></span> <span class='ocrx_word' id='word_1_283' title='bbox 525 3080 618 3124; x_wconf 88' lang='lat' dir='ltr'><strong>and</strong></span> <span class='ocrx_word' id='word_1_284' title='bbox 643 3079 906 3132; x_wconf 88' lang='lat' dir='ltr'><strong>elsewhere,</strong></span> <span class='ocrx_word' id='word_1_285' title='bbox 933 3093 1013 3123; x_wconf 86' lang='lat' dir='ltr'><strong>are</strong></span> <span class='ocrx_word' id='word_1_286' title='bbox 1035 3080 1280 3124; x_wconf 86' lang='lat' dir='ltr'><strong>excusable</strong></span> <span class='ocrx_word' id='word_1_287' title='bbox 1309 3080 1358 3122; x_wconf 92' lang='lat' dir='ltr'><strong>in</strong></span> <span class='ocrx_word' id='word_1_288' title='bbox 1390 3084 1476 3123; x_wconf 92' lang='lat' dir='ltr'><strong>not</strong></span> <span class='ocrx_word' id='word_1_289' title='bbox 1506 3080 1751 3136; x_wconf 85' lang='lat' dir='ltr'><strong>observing</strong></span> <span class='ocrx_word' id='word_1_290' title='bbox 1777 3079 1858 3122; x_wconf 81' lang='lat' dir='ltr'><strong>the</strong></span> <span class='ocrx_word' id='word_1_291' title='bbox 1888 3080 2093 3124; x_wconf 87' lang='lat' dir='ltr'><strong>Decrees</strong></span> 
     </span>
     <span class='ocr_line' id='line_1_34' title="bbox 262 3150 2094 3202; baseline 0 -7"><span class='ocrx_word' id='word_1_292' title='bbox 262 3152 317 3195; x_wconf 87' lang='lat' dir='ltr'><strong>of</strong></span> <span class='ocrx_word' id='word_1_293' title='bbox 337 3151 420 3194; x_wconf 90' lang='lat' dir='ltr'><strong>the</strong></span> <span class='ocrx_word' id='word_1_294' title='bbox 446 3151 641 3194; x_wconf 86' lang='lat' dir='ltr'><strong>Council</strong></span> <span class='ocrx_word' id='word_1_295' title='bbox 668 3150 722 3195; x_wconf 90' lang='lat' dir='ltr'><strong>of</strong></span> <span class='ocrx_word' id='word_1_296' title='bbox 747 3151 907 3202; x_wconf 89' lang='lat' dir='ltr'><strong>Trent,</strong></span> <span class='ocrx_word' id='word_1_297' title='bbox 928 3151 1022 3193; x_wconf 90' lang='lat' dir='ltr'><strong>and</strong></span> <span class='ocrx_word' id='word_1_298' title='bbox 1041 3150 1123 3194; x_wconf 86' lang='lat' dir='ltr'><strong>the</strong></span> <span class='ocrx_word' id='word_1_299' title='bbox 1144 3150 1253 3193; x_wconf 93' lang='lat' dir='ltr'><strong>Bull</strong></span> <span class='ocrx_word' id='word_1_300' title='bbox 1272 3151 1333 3193; x_wconf 88' lang='lat' dir='ltr'><strong>In</strong></span> <span class='ocrx_word' id='word_1_301' title='bbox 1357 3150 1493 3194; x_wconf 73' lang='lat' dir='ltr'><strong>Coena</strong></span> <span class='ocrx_word' id='word_1_302' title='bbox 1515 3151 1719 3202; x_wconf 87' lang='lat' dir='ltr'><strong>Domini,</strong></span> <span class='ocrx_word' id='word_1_303' title='bbox 1736 3150 1935 3194; x_wconf 89' lang='lat' dir='ltr'><strong>because</strong></span> <span class='ocrx_word' id='word_1_304' title='bbox 1958 3150 2094 3195; x_wconf 78' lang='lat' dir='ltr'><strong>those</strong></span> 
     </span>
     <span class='ocr_line' id='line_1_35' title="bbox 261 3220 1736 3277; baseline 0.001 -14"><span class='ocrx_word' id='word_1_305' title='bbox 261 3221 394 3264; x_wconf 86' lang='lat' dir='ltr'><strong>Laws</strong></span> <span class='ocrx_word' id='word_1_306' title='bbox 413 3234 534 3264; x_wconf 88' lang='lat' dir='ltr'><strong>were</strong></span> <span class='ocrx_word' id='word_1_307' title='bbox 552 3234 696 3264; x_wconf 83' lang='lat' dir='ltr'><strong>never</strong></span> <span class='ocrx_word' id='word_1_308' title='bbox 718 3220 943 3276; x_wconf 88' lang='lat' dir='ltr'><strong>accepted</strong></span> <span class='ocrx_word' id='word_1_309' title='bbox 966 3220 1030 3277; x_wconf 91' lang='lat' dir='ltr'><strong>by</strong></span> <span class='ocrx_word' id='word_1_310' title='bbox 1055 3225 1235 3264; x_wconf 88' lang='lat' dir='ltr'><strong>custom</strong></span> <span class='ocrx_word' id='word_1_311' title='bbox 1253 3221 1303 3263; x_wconf 92' lang='lat' dir='ltr'><strong>in</strong></span> <span class='ocrx_word' id='word_1_312' title='bbox 1327 3220 1462 3264; x_wconf 89' lang='lat' dir='ltr'><strong>those</strong></span> <span class='ocrx_word' id='word_1_313' title='bbox 1487 3221 1736 3264; x_wconf 87' lang='lat' dir='ltr'><strong>countries.</strong></span> 
     </span>
    </p>

    <p class='ocr_par' dir='ltr' id='par_1_6' title="bbox 263 3289 2100 3417">
     <span class='ocr_line' id='line_1_36' title="bbox 350 3289 2093 3347; baseline 0.001 -13"><span class='ocrx_word' id='word_1_314' title='bbox 350 3291 438 3334; x_wconf 90' lang='lat' dir='ltr'><strong>We</strong></span> <span class='ocrx_word' id='word_1_315' title='bbox 477 3290 589 3333; x_wconf 92' lang='lat' dir='ltr'><strong>hold</strong></span> <span class='ocrx_word' id='word_1_316' title='bbox 626 3289 740 3333; x_wconf 90' lang='lat' dir='ltr'><strong>then</strong></span> <span class='ocrx_word' id='word_1_317' title='bbox 774 3289 879 3333; x_wconf 85' lang='lat' dir='ltr'><strong>that</strong></span> <span class='ocrx_word' id='word_1_318' title='bbox 912 3290 1044 3333; x_wconf 86' lang='lat' dir='ltr'><strong>Laws</strong></span> <span class='ocrx_word' id='word_1_319' title='bbox 1076 3290 1214 3333; x_wconf 90' lang='lat' dir='ltr'><strong>made</strong></span> <span class='ocrx_word' id='word_1_320' title='bbox 1250 3290 1316 3347; x_wconf 93' lang='lat' dir='ltr'><strong>by</strong></span> <span class='ocrx_word' id='word_1_321' title='bbox 1344 3290 1426 3334; x_wconf 92' lang='lat' dir='ltr'><strong>the</strong></span> <span class='ocrx_word' id='word_1_322' title='bbox 1457 3292 1627 3334; x_wconf 89' lang='lat' dir='ltr'><strong>Prince</strong></span> <span class='ocrx_word' id='word_1_323' title='bbox 1663 3304 1717 3334; x_wconf 89' lang='lat' dir='ltr'><strong>or</strong></span> <span class='ocrx_word' id='word_1_324' title='bbox 1748 3289 1885 3335; x_wconf 88' lang='lat' dir='ltr'><strong>Head</strong></span> <span class='ocrx_word' id='word_1_325' title='bbox 1929 3290 1983 3335; x_wconf 87' lang='lat' dir='ltr'><strong>of</strong></span> <span class='ocrx_word' id='word_1_326' title='bbox 2010 3292 2093 3337; x_wconf 91' lang='lat' dir='ltr'><strong>the</strong></span> 
     </span>
     <span class='ocr_line' id='line_1_37' title="bbox 263 3360 2100 3417; baseline 0.001 -11"><span class='ocrx_word' id='word_1_327' title='bbox 263 3361 563 3417; x_wconf 85' lang='lat' dir='ltr'><strong>Community</strong></span> <span class='ocrx_word' id='word_1_328' title='bbox 605 3360 666 3403; x_wconf 92' lang='lat' dir='ltr'><strong>do</strong></span> <span class='ocrx_word' id='word_1_329' title='bbox 704 3364 789 3404; x_wconf 90' lang='lat' dir='ltr'><strong>not</strong></span> <span class='ocrx_word' id='word_1_330' title='bbox 823 3360 977 3417; x_wconf 89' lang='lat' dir='ltr'><strong>oblige</strong></span> <span class='ocrx_word' id='word_1_331' title='bbox 1010 3360 1093 3404; x_wconf 88' lang='lat' dir='ltr'><strong>the</strong></span> <span class='ocrx_word' id='word_1_332' title='bbox 1125 3361 1316 3417; x_wconf 81' lang='lat' dir='ltr'><strong>subJect,</strong></span> <span class='ocrx_word' id='word_1_333' title='bbox 1368 3361 1461 3404; x_wconf 87' lang='lat' dir='ltr'><strong>and</strong></span> <span class='ocrx_word' id='word_1_334' title='bbox 1491 3361 1610 3404; x_wconf 82' lang='lat' dir='ltr'><strong>have</strong></span> <span class='ocrx_word' id='word_1_335' title='bbox 1649 3365 1734 3404; x_wconf 90' lang='lat' dir='ltr'><strong>not</strong></span> <span class='ocrx_word' id='word_1_336' title='bbox 1764 3361 1846 3405; x_wconf 86' lang='lat' dir='ltr'><strong>the</strong></span> <span class='ocrx_word' id='word_1_337' title='bbox 1877 3360 2008 3407; x_wconf 88' lang='lat' dir='ltr'><strong>force</strong></span> <span class='ocrx_word' id='word_1_338' title='bbox 2044 3364 2100 3407; x_wconf 83' lang='lat' dir='ltr'><strong>of</strong></span> 
     </span>
    </p>
   </div>
   <div class='ocr_carea' id='block_1_5' title="bbox 261 3430 2170 3492">
    <p class='ocr_par' dir='ltr' id='par_1_7' title="bbox 261 3430 2170 3492">
     <span class='ocr_line' id='line_1_38' title="bbox 261 3430 2170 3492; baseline 0.001 -15"><span class='ocrx_word' id='word_1_339' title='bbox 261 3434 387 3485; x_wconf 88' lang='lat' dir='ltr'><strong>Law,</strong></span> <span class='ocrx_word' id='word_1_340' title='bbox 408 3436 573 3489; x_wconf 88' lang='lat' dir='ltr'><strong>except</strong></span> <span class='ocrx_word' id='word_1_341' title='bbox 591 3430 704 3488; x_wconf 86' lang='lat' dir='ltr'><strong>they</strong></span> <span class='ocrx_word' id='word_1_342' title='bbox 722 3431 783 3474; x_wconf 89' lang='lat' dir='ltr'><strong>be</strong></span> <span class='ocrx_word' id='word_1_343' title='bbox 806 3431 1020 3474; x_wconf 82' lang='lat' dir='ltr'><strong>received</strong></span> <span class='ocrx_word' id='word_1_344' title='bbox 1044 3430 1107 3488; x_wconf 92' lang='lat' dir='ltr'><strong>by</strong></span> <span class='ocrx_word' id='word_1_345' title='bbox 1125 3430 1207 3475; x_wconf 84' lang='lat' dir='ltr'><strong>the</strong></span> <span class='ocrx_word' id='word_1_346' title='bbox 1228 3432 1529 3489; x_wconf 90' lang='lat' dir='ltr'><strong>community,</strong></span> <span class='ocrx_word' id='word_1_347' title='bbox 1559 3431 1653 3474; x_wconf 89' lang='lat' dir='ltr'><strong>and</strong></span> <span class='ocrx_word' id='word_1_348' title='bbox 1674 3432 1909 3489; x_wconf 84' lang='lat' dir='ltr'><strong>approved</strong></span> <span class='ocrx_word' id='word_1_349' title='bbox 1928 3433 1992 3492; x_wconf 89' lang='lat' dir='ltr'><strong>by</strong></span> <span class='ocrx_word' id='word_1_350' title='bbox 2011 3434 2093 3479; x_wconf 85' lang='lat' dir='ltr'><strong>the</strong></span> <span class='ocrx_word' id='word_1_351' title='bbox 2168 3463 2170 3466; x_wconf 34' lang='lat' dir='ltr'><strong>f</strong></span> 
     </span>
    </p>
   </div>
   <div class='ocr_carea' id='block_1_6' title="bbox 261 3500 2101 3848">
    <p class='ocr_par' dir='ltr' id='par_1_8' title="bbox 261 3500 2101 3848">
     <span class='ocr_line' id='line_1_39' title="bbox 261 3500 2094 3549; baseline 0 0"><span class='ocrx_word' id='word_1_352' title='bbox 261 3509 369 3548; x_wconf 81' lang='lat' dir='ltr'><strong>vote</strong></span> <span class='ocrx_word' id='word_1_353' title='bbox 392 3517 445 3547; x_wconf 90' lang='lat' dir='ltr'><strong>or</strong></span> <span class='ocrx_word' id='word_1_354' title='bbox 464 3502 546 3546; x_wconf 88' lang='lat' dir='ltr'><strong>the</strong></span> <span class='ocrx_word' id='word_1_355' title='bbox 567 3506 747 3546; x_wconf 90' lang='lat' dir='ltr'><strong>custom</strong></span> <span class='ocrx_word' id='word_1_356' title='bbox 768 3500 823 3544; x_wconf 86' lang='lat' dir='ltr'><strong>of</strong></span> <span class='ocrx_word' id='word_1_357' title='bbox 848 3501 982 3546; x_wconf 86' lang='lat' dir='ltr'><strong>those</strong></span> <span class='ocrx_word' id='word_1_358' title='bbox 1008 3501 1111 3545; x_wconf 87' lang='lat' dir='ltr'><strong>who</strong></span> <span class='ocrx_word' id='word_1_359' title='bbox 1136 3501 1255 3545; x_wconf 87' lang='lat' dir='ltr'><strong>have</strong></span> <span class='ocrx_word' id='word_1_360' title='bbox 1275 3506 1326 3545; x_wconf 87' lang='lat' dir='ltr'><strong>to</strong></span> <span class='ocrx_word' id='word_1_361' title='bbox 1346 3516 1428 3545; x_wconf 92' lang='lat' dir='ltr'><strong>use</strong></span> <span class='ocrx_word' id='word_1_362' title='bbox 1444 3502 1589 3545; x_wconf 86' lang='lat' dir='ltr'><strong>them.</strong></span> <span class='ocrx_word' id='word_1_363' title='bbox 1652 3502 1992 3548; x_wconf 86' lang='lat' dir='ltr'><strong>Demosthenes</strong></span> <span class='ocrx_word' id='word_1_364' title='bbox 2011 3505 2094 3549; x_wconf 89' lang='lat' dir='ltr'><strong>the</strong></span> 
     </span>
     <span class='ocr_line' id='line_1_40' title="bbox 262 3572 2017 3633; baseline 0 -14"><span class='ocrx_word' id='word_1_365' title='bbox 262 3575 547 3633; x_wconf 87' lang='lat' dir='ltr'><strong>republican,</strong></span> <span class='ocrx_word' id='word_1_366' title='bbox 566 3573 659 3617; x_wconf 89' lang='lat' dir='ltr'><strong>and</strong></span> <span class='ocrx_word' id='word_1_367' title='bbox 689 3572 850 3616; x_wconf 83' lang='lat' dir='ltr'><strong>Julian</strong></span> <span class='ocrx_word' id='word_1_368' title='bbox 879 3572 960 3616; x_wconf 90' lang='lat' dir='ltr'><strong>the</strong></span> <span class='ocrx_word' id='word_1_369' title='bbox 984 3573 1198 3630; x_wconf 86' lang='lat' dir='ltr'><strong>imperial</strong></span> <span class='ocrx_word' id='word_1_370' title='bbox 1223 3573 1377 3629; x_wconf 84' lang='lat' dir='ltr'><strong>jurist,</strong></span> <span class='ocrx_word' id='word_1_371' title='bbox 1404 3573 1527 3616; x_wconf 88' lang='lat' dir='ltr'><strong>alike</strong></span> <span class='ocrx_word' id='word_1_372' title='bbox 1556 3573 1883 3631; x_wconf 86' lang='lat' dir='ltr'><strong>acknowledge</strong></span> <span class='ocrx_word' id='word_1_373' title='bbox 1908 3574 2017 3619; x_wconf 86' lang='lat' dir='ltr'><strong>this.</strong></span> 
     </span>
     <span class='ocr_line' id='line_1_41' title="bbox 357 3643 1773 3703; baseline -0.001 -14"><span class='ocrx_word' id='word_1_374' title='bbox 357 3651 427 3689; x_wconf 91' lang='lat'><strong>14.</strong></span> <span class='ocrx_word' id='word_1_375' title='bbox 491 3646 587 3688; x_wconf 91' lang='lat' dir='ltr'><strong>But</strong></span> <span class='ocrx_word' id='word_1_376' title='bbox 610 3644 715 3702; x_wconf 89' lang='lat' dir='ltr'><strong>why</strong></span> <span class='ocrx_word' id='word_1_377' title='bbox 734 3645 772 3688; x_wconf 88' lang='lat' dir='ltr'><strong>is</strong></span> <span class='ocrx_word' id='word_1_378' title='bbox 796 3643 878 3687; x_wconf 87' lang='lat' dir='ltr'><strong>the</strong></span> <span class='ocrx_word' id='word_1_379' title='bbox 904 3648 1097 3688; x_wconf 91' lang='lat' dir='ltr'><strong>consent</strong></span> <span class='ocrx_word' id='word_1_380' title='bbox 1123 3643 1176 3686; x_wconf 87' lang='lat' dir='ltr'><strong>of</strong></span> <span class='ocrx_word' id='word_1_381' title='bbox 1189 3643 1272 3687; x_wconf 90' lang='lat' dir='ltr'><strong>the</strong></span> <span class='ocrx_word' id='word_1_382' title='bbox 1292 3644 1469 3701; x_wconf 90' lang='lat' dir='ltr'><strong>People</strong></span> <span class='ocrx_word' id='word_1_383' title='bbox 1493 3645 1773 3703; x_wconf 82' lang='lat' dir='ltr'><strong>necessary?</strong></span> 
     </span>
     <span class='ocr_line' id='line_1_42' title="bbox 362 3714 2101 3775; baseline 0.002 -15"><span class='ocrx_word' id='word_1_384' title='bbox 362 3718 501 3761; x_wconf 88' lang='lat' dir='ltr'><strong>Some</strong></span> <span class='ocrx_word' id='word_1_385' title='bbox 525 3729 620 3775; x_wconf 87' lang='lat' dir='ltr'><strong>say,</strong></span> <span class='ocrx_word' id='word_1_386' title='bbox 642 3716 841 3760; x_wconf 87' lang='lat' dir='ltr'><strong>because</strong></span> <span class='ocrx_word' id='word_1_387' title='bbox 860 3715 1052 3759; x_wconf 91' lang='lat' dir='ltr'><strong>Princes</strong></span> <span class='ocrx_word' id='word_1_388' title='bbox 1081 3715 1236 3759; x_wconf 81' lang='lat' dir='ltr'><strong>derive</strong></span> <span class='ocrx_word' id='word_1_389' title='bbox 1261 3714 1386 3758; x_wconf 90' lang='lat' dir='ltr'><strong>their</strong></span> <span class='ocrx_word' id='word_1_390' title='bbox 1404 3728 1561 3773; x_wconf 88' lang='lat' dir='ltr'><strong>power</strong></span> <span class='ocrx_word' id='word_1_391' title='bbox 1583 3715 1706 3759; x_wconf 87' lang='lat' dir='ltr'><strong>from</strong></span> <span class='ocrx_word' id='word_1_392' title='bbox 1729 3715 1811 3761; x_wconf 91' lang='lat' dir='ltr'><strong>the</strong></span> <span class='ocrx_word' id='word_1_393' title='bbox 1832 3722 2024 3762; x_wconf 89' lang='lat' dir='ltr'><strong>consent</strong></span> <span class='ocrx_word' id='word_1_394' title='bbox 2045 3718 2101 3763; x_wconf 81' lang='lat' dir='ltr'><strong>of</strong></span> 
     </span>
     <span class='ocr_line' id='line_1_43' title="bbox 262 3786 2094 3848; baseline 0.001 -14"><span class='ocrx_word' id='word_1_395' title='bbox 262 3788 345 3835; x_wconf 87' lang='lat' dir='ltr'><strong>the</strong></span> <span class='ocrx_word' id='word_1_396' title='bbox 369 3788 572 3847; x_wconf 85' lang='lat' dir='ltr'><strong>People3</strong></span> <span class='ocrx_word' id='word_1_397' title='bbox 603 3786 696 3832; x_wconf 91' lang='lat' dir='ltr'><strong>and</strong></span> <span class='ocrx_word' id='word_1_398' title='bbox 719 3787 802 3832; x_wconf 89' lang='lat' dir='ltr'><strong>the</strong></span> <span class='ocrx_word' id='word_1_399' title='bbox 830 3786 1007 3845; x_wconf 92' lang='lat' dir='ltr'><strong>People</strong></span> <span class='ocrx_word' id='word_1_400' title='bbox 1034 3800 1143 3846; x_wconf 83' lang='lat' dir='ltr'><strong>may</strong></span> <span class='ocrx_word' id='word_1_401' title='bbox 1169 3799 1353 3832; x_wconf 86' lang='lat' dir='ltr'><strong>resume</strong></span> <span class='ocrx_word' id='word_1_402' title='bbox 1380 3786 1462 3831; x_wconf 89' lang='lat' dir='ltr'><strong>the</strong></span> <span class='ocrx_word' id='word_1_403' title='bbox 1486 3800 1644 3846; x_wconf 92' lang='lat' dir='ltr'><strong>power</strong></span> <span class='ocrx_word' id='word_1_404' title='bbox 1667 3787 1818 3832; x_wconf 86' lang='lat' dir='ltr'><strong>which</strong></span> <span class='ocrx_word' id='word_1_405' title='bbox 1842 3788 1955 3848; x_wconf 86' lang='lat' dir='ltr'><strong>they</strong></span> <span class='ocrx_word' id='word_1_406' title='bbox 1974 3789 2094 3836; x_wconf 80' lang='lat' dir='ltr'><strong>have</strong></span> 
     </span>
    </p>
   </div>
  </div>
 </body>
</html>
