2482 4166
402 246 506 296 112
662 252 748 295 DE
790 247 1160 302 ADAEQUATA
1201 247 1650 294 CONSCIENTIAE
1690 247 1969 293 REGULA.

401 383 729 451 neyliyentia
785 380 1096 450 culpabilis)
1156 383 1276 430 actu
1323 376 1641 430 innotescere
1689 376 1865 447 possit,
1913 382 1991 429 est
2041 377 2233 445 reyula

412 465 755 519 Conscientiae
774 483 794 524 ;
837 462 1070 533 obligans
1105 479 1218 513 eam
1247 459 1314 511 ad
1343 460 1719 531 agnoscendam
1748 461 1860 511 Dei
1888 460 2231 520 voluntatem,

404 564 619 616 eamque
659 544 911 599 voluntati
953 542 1176 614 propriae
1216 542 1604 612 proponendam
1653 548 1712 594 ut
1754 543 1864 594 Dei
1907 542 2235 594 voluntatem

404 628 486 682 cui
531 647 586 682 se
636 628 954 680 conformare
998 632 1272 687 teneatur3
1320 642 1415 676 nec
1460 622 1515 676 id
1554 623 1734 685 solum,
1780 623 1871 676 sed
1909 630 1962 675 et
1991 622 2235 693 potentiis

406 710 685 764 executivis
727 710 985 780 imperare
1026 715 1085 761 ut
1127 707 1195 759 ad
1224 725 1338 759 eam
1367 708 1478 759 Dei
1502 707 1828 758 voluntatem
1856 704 2236 775 adimplendam

407 812 462 847 se
500 792 785 864 accingant.
874 792 1040 844 Recte
1082 791 1449 850 DamascenuS,
1503 790 1714 843 5Τοῦτο
1765 784 1983 858 οἷ’γαθὸν
2026 783 2164 861 ὅπερ
2206 783 2236 840 ὁ

413 873 548 935 Θεὸς
600 871 905 946 βούλεταιι
963 875 1116 934 Quod
1159 874 1274 925 vult
1319 873 1470 924 Dens
1519 872 1581 923 id
1633 872 1824 923 bonum
1873 887 1984 922 esse
2029 885 2238 921 necesse

408 965 518 1021 est3
562 958 705 1028 cujus
745 956 936 1009 scilicet
992 956 1251 1009 Voluntas
1296 955 1419 1006 boni
1459 972 1711 1006 mensura
1749 959 1841 1005 est.
1914 952 2025 1004 Lex
2064 957 2238 1004 autem

409 1040 512 1093 Dei
550 1048 629 1093 est
672 1036 704 1105 ἦ
748 1041 922 1093 τοῦτο
979 1031 1297 1092 διδάσκουσα
1354 1031 1572 1101 ἐντολή,
1618 1035 1918 1087 mandatum
1963 1034 2091 1086 illud
2137 1051 2239 1103 quo

411 1122 556 1174 Deus
591 1139 683 1174 nos
722 1121 871 1173 docet
904 1137 1048 1172 suam
1076 1119 1215 1171 illam
1245 1119 1431 1170 bonam
1461 1117 1794 1170 voluntatem.
1881 1116 2079 1188 Pergit,
2123 1112 2241 1170 ἐπι-

408 1203 611 1275 βαίνων
653 1200 682 1257 ὁ
731 1205 830 1257 τοῦ
882 1203 1021 1256 Θεοῦ
1069 1197 1218 1263 νόμος
1275 1201 1357 1269 τῷ
1411 1201 1478 1270 νῷ
1533 1196 1672 1264 ἡμῶν
1730 1194 2031 1275 ἐφέλκεται
2103 1193 2241 1273 πρὸς

411 1282 639 1342 ἑαυτόνε
682 1286 953 1338 Accedens
995 1293 1174 1335 antem
1216 1283 1380 1335 menti
1422 1291 1617 1334 nostroe
1651 1283 1762 1333 Dei
1807 1282 1903 1343 lex,
1951 1279 2041 1333 ubi
2086 1279 2244 1332 semel

412 1387 526 1421 eam
569 1366 913 1438 occupaverit,
945 1367 1181 1418 attrahit
1216 1366 1293 1417 ad
1334 1382 1426 1425 se‚·
1470 1361 1556 1418 καὶ
1600 1359 1786 1418 νύττει
1826 1360 1929 1429 τὴν
1967 1358 2242 1439 ἡμετέραν

412 1444 721 1516 συνείδησιν,
765 1450 861 1501 hoc
908 1455 1000 1510 est,
1046 1449 1262 1508 eoecitat,
1294 1448 1511 1516 punyit,
1561 1445 1801 1516 subjectis
1840 1444 1986 1516 quasi
2027 1444 2244 1498 stimulis

413 1543 567 1602 uryet
618 1533 998 1585 conscientiam
1037 1540 1294 1591 nostram,
1346 1535 1404 1581 ut
1457 1527 1672 1580 officium
1716 1546 1863 1580 suum
1909 1527 2079 1590 faciat,
2128 1529 2244 1579 dic-

417 1617 582 1668 tando
638 1613 878 1665 nimirum
935 1611 1189 1665 voluntati
1233 1617 1423 1663 nostrae
1487 1612 1822 1663 Voluntatem
1859 1612 1985 1663 Dei.
2070 1609 2244 1678 Atque

415 1697 527 1749 haec
557 1702 635 1748 est
659 1694 910 1765 ipsissima
938 1694 1025 1747 illa
1055 1712 1208 1763 quam
1235 1692 1455 1745 diximus
1492 1694 1835 1746 Conscientiae
1864 1693 2137 1761 obliyatio.

539 1778 746 1830 XXIII.
835 1776 991 1847 Cujus
1040 1777 1384 1845 obliqationis
1433 1774 1537 1827 vim
1584 1781 1637 1827 et
1682 1774 1918 1827 effectum
1969 1774 2114 1827 varie
2157 1791 2244 1826 ex-

416 1860 592 1932 primit
631 1861 825 1912 Beatus
861 1858 1065 1911 Paulus,
1147 1858 1299 1909 Nunc
1337 1875 1391 1909 se
1434 1858 1721 1910 debitorem
1760 1856 1989 1919 fatetur3
2034 1857 2246 1910 Groecis

417 1954 467 1996 et
488 1943 765 1995 Barbaris
793 1943 999 1994 debitor
1024 1959 1157 2002 sum,
1189 1942 1342 1992 Rom.
1374 1939 1405 1992 i.
1431 1940 1516 2001 14,
1562 1938 1708 2008 quasi
1748 1938 1958 2003 diceret,
2004 1939 2133 1992 Cum
2164 1956 2245 1990 me

415 2024 572 2078 sciam
611 2025 888 2076 Voluntate
917 2024 1027 2075 Dei
1054 2021 1330 2091 sepositum
1373 2021 1441 2073 ad
1483 2020 1865 2091 praedicandum
1905 2020 2246 2092 Evangelium

422 2109 692 2168 Gentibus,
741 2106 848 2159 sive
896 2104 933 2157 ii
987 2106 1166 2158 Graeci
1208 2103 1309 2156 sint
1348 2103 1456 2156 sive
1499 2105 1751 2155 Barbari
1788 2102 2243 2165 indiscriminatim,

417 2207 637 2260 agnosco
680 2206 762 2240 me
800 2187 1032 2257 utrisque
1061 2188 1158 2239 hac
1198 2204 1263 2238 ex
1303 2193 1454 2256 parte
1491 2187 1803 2238 debitorem:
1849 2186 1882 2237 2
1918 2187 2041 2240 Cor.
2072 2184 2124 2237 ii.
2158 2186 2245 2247 14,

414 2271 492 2324 ait
537 2289 592 2323 se
643 2266 996 2346 συνέχεσθαι,
1044 2276 1103 2322 ut
1152 2268 1318 2321 solent
1367 2269 1599 2321 vinculis
1651 2269 1813 2336 liyati
1858 2266 2139 2338 constringi
2195 2273 2249 2319 et

420 2353 672 2405 coarctari
700 2353 768 2405 ad
807 2352 1020 2405 officium
1063 2349 1390 2403 faciendum:
1437 2352 1467 2402 1
1508 2352 1626 2404 Cor.
1657 2349 1725 2401 ix.
1760 2351 1847 2412 16,
1893 2346 2108 2422 ἀνάγκη
2156 2373 2248 2413 μοι

419 2432 705 2501 ἐπίκειται,
749 2435 869 2488 fidei
906 2452 1049 2496 meae,
1094 2432 1274 2502 inquit,
1320 2432 1613 2485 concredita
1669 2438 1746 2485 est
1799 2431 2073 2504 Evangelii
2118 2449 2250 2502 prae-

421 2518 623 2579 dicatio,
668 2517 743 2570 ita
786 2524 846 2569 ut
889 2535 992 2568 non
1035 2515 1101 2568 sit
1144 2514 1269 2566 mihi
1306 2513 1527 2566 liberum
1571 2514 1722 2566 otiari
1753 2521 1805 2567 et
1834 2532 2017 2567 curare
2047 2520 2248 2567 cutem:

421 2599 513 2651 sed
541 2598 718 2670 gravis
747 2598 871 2649 mihi
902 2596 1149 2650 incumbit
1166 2598 1451 2650 necessitas
1474 2597 1929 2665 Evanyelizandi,
1961 2615 2140 2666 quam,
2171 2614 2250 2648 vce

422 2682 574 2742 mihi,
623 2683 673 2732 si
720 2682 1004 2749 neylexerO.
1095 2677 1311 2740 Qualem
1357 2677 1453 2730 sibi
1502 2678 1656 2730 etiam
1702 2677 1991 2747 impositam
2034 2677 2251 2729 necessi-

423 2768 601 2823 tatem,
658 2760 733 2814 ita
788 2767 847 2813 ut
898 2779 1000 2812 non
1058 2766 1266 2830 possent
1323 2777 1436 2811 eam
1487 2766 1745 2820 excutere,
1805 2766 2076 2811 senserunt
2129 2765 2251 2810 ante

424 2861 541 2896 eum
584 2849 636 2895 et
678 2842 848 2913 palam
890 2841 1107 2912 professi
1149 2847 1283 2903 sunt,
1337 2840 1438 2893 duo
1482 2840 1665 2892 summi
1710 2840 1950 2910 Apostoli
1998 2847 2052 2893 et
2095 2840 2250 2911 longo

424 2932 657 2995 tempore
701 2923 952 2977 individui
994 2923 1203 2976 comites
1243 2925 1448 2976 Petrus
1487 2932 1535 2975 et
1573 2924 1859 2983 Johannes,
1904 2923 2025 2975 Act.
2055 2921 2122 2977 iv.
2160 2925 2249 2984 20,

425 3004 484 3062 οὗ
526 3001 786 3072 δυνάμεθα
828 3003 903 3072 μή
943 3006 1170 3061 λαλεῖνε
1214 3004 1380 3058 Jussit
1421 3022 1514 3056 nos
1559 3006 1703 3056 Deus
1747 2999 2029 3079 παρῥησῖᾳ
2074 3003 2250 3073 loqui;

425 3107 515 3142 vos
543 3096 716 3142 tacere
747 3088 970 3160 jubetis:
1015 3087 1145 3140 utris
1185 3087 1473 3157 parendum
1519 3085 1585 3139 sit
1629 3086 1816 3156 potius,
1869 3088 2075 3140 Vosmet
2099 3086 2254 3154 judi-

426 3182 559 3225 cate.
645 3172 694 3224 A
722 3179 895 3224 vestro
925 3172 1150 3239 imperio
1178 3169 1327 3221 liberi
1365 3187 1474 3222 esse
1512 3186 1793 3238 possumuS,
1833 3167 1935 3220 imo
1965 3174 2018 3220 et
2047 3185 2251 3231 sumus3

426 3254 610 3322 quibus
626 3255 723 3322 jus
748 3254 956 3306 nullum
982 3259 1060 3305 est
1088 3251 1142 3303 in
1171 3253 1521 3305 conscientias
1554 3258 1788 3304 nostras:
1828 3250 1920 3303 sed
1957 3256 2126 3303 arctat
2162 3267 2255 3301 nos

427 3337 538 3388 Dei
583 3338 885 3405 imperium,
931 3341 985 3388 et
1020 3334 1096 3386 ita
1131 3333 1429 3386 constrictos
1457 3340 1615 3395 tenet,
1646 3339 1705 3386 ut
1731 3332 1879 3385 nobis
1906 3351 2010 3384 non
2038 3332 2104 3385 sit
2130 3331 2256 3385 libe-

427 3434 559 3480 rum,
590 3418 642 3470 ni
669 3418 841 3488 perire
871 3417 1100 3478 velimuS,
1128 3416 1280 3469 aliter
1309 3415 1481 3469 facere
1510 3434 1664 3486 quam
1687 3414 1797 3485 ipse
1818 3413 2045 3485 jusserit.

621 3605 636 3624 ¹⁵
664 3598 731 3647 [de
749 3599 847 3636 Fide
868 3599 1090 3638 Orthodox.
1109 3601 1198 3637 Lib.
1215 3600 1265 3637 iv.
1285 3612 1370 3648 cap.
1386 3602 1447 3638 23.
1469 3600 1576 3648 Opp.
1593 3611 1634 3648 p.
1649 3599 1732 3637 370.
1750 3598 1825 3635 Ed.
1841 3597 1965 3635 Basil.
1985 3598 2115 3646 1575]

520 3713 590 3751 23.
654 3710 765 3753 This
788 3711 1042 3767 obligation
1061 3712 1098 3755 is
1118 3712 1350 3770 variously
1370 3711 1615 3770 expressed
1634 3710 1698 3769 by
1720 3711 1774 3755 St
1793 3711 1937 3754 Paul:
1970 3712 2106 3756 Rom.
2127 3712 2156 3756 i.
2175 3716 2257 3764 143

437 3782 464 3820 2
487 3777 589 3821 Cor.
614 3779 660 3822 ii.
685 3784 765 3832 143
804 3786 826 3823 1
852 3781 955 3824 Cor.
980 3782 1040 3825 ix.
1067 3786 1137 3827 16.
1203 3784 1265 3826 So
1287 3784 1430 3827 Peter
1455 3782 1548 3826 and
1568 3781 1708 3835 John,
1734 3781 1845 3827 Acts
1866 3782 1924 3826 iv.
1951 3786 2021 3826 20.
