2482 4166
783 279 1165 322 PRAELECTIO
1208 278 1457 322 TERTIA.
1487 282 1489 284 ’
1973 272 2038 324 63

203 412 440 468 scientim
477 411 834 471 securitatem,
878 407 921 461 si
967 406 1105 477 quod
1150 405 1364 459 facimus
1405 411 1497 458 aut
1532 404 1722 457 facturi
1756 423 1944 469 sumus,
1985 407 2040 460 id

203 495 371 566 ipsum
419 510 453 546 a
497 491 609 545 viro
653 491 825 560 aliquo
877 490 962 561 pio
1019 496 1142 542 ante
1194 507 1289 541 nos
1343 487 1539 541 factum
1595 487 1964 551 defendamus3
2010 509 2040 542 e

205 583 381 630 textus
426 573 678 646 propositi
722 572 894 627 verbis
943 570 1341 625 luculentissimo
1394 576 1703 643 argumento
1751 570 2043 623 confirmari

206 664 408 730 potest:
462 656 690 709 maxime
736 655 778 708 si
823 654 948 708 dicti
1000 653 1316 707 occasionem
1371 671 1437 706 ex
1485 653 1563 706 rei
1612 659 1775 724 gestae
1825 652 2043 706 historia

207 740 363 812 paulo
405 739 558 793 altius
607 745 919 809 repetamus.
1007 740 1211 790 Petrus
1259 737 1561 806 Apostolus,
1614 735 1752 788 inter
1811 735 2043 789 Gentiles

206 823 278 876 ad
309 822 502 876 Christi
526 821 680 874 fidem
708 838 998 882 converSOS,
1029 819 1117 889 qui
1147 821 1278 888 leyis
1307 821 1573 872 ffiIosaicae
1603 818 1912 871 conscientia
1939 838 2044 871 non

208 906 535 968 tenebantur,
577 905 879 957 Antiochioe
925 903 1135 974 degenS,
1184 902 1292 974 egit
1331 920 1446 954 cum
1490 901 1563 954 eis
1598 901 1762 954 libera
1791 901 2043 964 convivia,

209 994 264 1042 et
290 987 550 1059 appositos
592 1004 926 1057 quoscunque
966 987 1124 1047 cibos,
1164 1002 1269 1037 non
1311 984 1477 1037 minus
1506 986 1810 1054 prohibitos
1856 985 2044 1055 populo

209 1072 246 1124 J
250 1071 427 1124 udaico
458 1088 611 1140 quam
642 1088 923 1134 concessos,
953 1087 1049 1139 pro
1080 1086 1143 1121 ea
1170 1085 1325 1138 quam
1353 1067 1407 1119 in
1438 1067 1646 1121 Christo
1677 1067 1858 1121 habuit
1889 1069 2045 1137 libcr—

213 1165 337 1216 tate,
382 1152 825 1206 indiscriminatim
872 1150 1107 1204 comedit.
1187 1152 1285 1205 Ast
1325 1150 1414 1203 ubi
1444 1152 1830 1220 Hierosolyma
1858 1153 2046 1204 Antio-

211 1238 393 1291 chiam
422 1236 680 1290 venissent
724 1236 789 1288 de
832 1242 989 1308 gente
1035 1233 1263 1287 Hebraea
1313 1233 1519 1304 quidam
1572 1236 1890 1296 Christiani,
1938 1234 2047 1287 sive

213 1326 364 1373 erant
392 1319 428 1371 ii
466 1319 571 1372 ficti
610 1318 684 1371 illi
728 1318 934 1380 fratreS,
978 1317 1339 1394 παρεὶσακτοι
1382 1310 1782 1392 ψευδοίδελφοι,
1828 1335 2046 1386 quorum

212 1422 368 1456 versu
412 1413 607 1472 quarto
645 1401 790 1455 istius
819 1400 1000 1471 capitis
1027 1399 1273 1463 meminit,
1306 1399 1394 1470 qui
1424 1399 1567 1453 velut
1595 1418 1628 1452 a
1655 1401 1859 1452 Jacobo
1890 1399 2044 1460 missi,

213 1486 305 1539 sed
346 1503 532 1537 revera
570 1486 712 1537 clam
753 1484 1081 1552 subinyressi
1123 1482 1333 1535 fuerant
1364 1482 1433 1534 ad
1472 1481 1843 1552 explorandam
1873 1483 2047 1534 Pauli

211 1567 531 1636 aliorumque
582 1568 1018 1619 Christianorum
1060 1564 1370 1626 libertatem,
1412 1565 1492 1631 (ut
1529 1563 1787 1616 nonnullis
1824 1563 2045 1632 visum);

213 1649 320 1702 sive
364 1649 534 1719 potius
581 1649 661 1715 (ut
715 1648 803 1700 alii
848 1647 1156 1708 existimant,
1217 1654 1271 1699 et
1308 1646 1527 1700 fortasse
1579 1646 1791 1716 rectius)
1843 1649 2049 1715 infirmi

197 1734 433 1802 fratres,
481 1750 514 1784 a
565 1732 771 1784 Jacobo
821 1730 1030 1800 quidem
1085 1729 1240 1791 missi,
1292 1730 1385 1783 sed
1440 1730 1506 1782 de
1562 1729 1805 1802 legalium
1854 1729 2049 1782 rituum

214 1814 495 1868 cessatione
539 1813 765 1866 nondum
812 1812 936 1866 satis
980 1812 1132 1883 plene
1180 1812 1385 1866 edocti:
1431 1814 1643 1875 Petrus,
1679 1820 1738 1866 ut
1777 1813 1918 1884 apud
1962 1830 2050 1865 eos

211 1900 459 1968 qratiam
510 1896 680 1959 iniret,
733 1896 817 1950 vel
874 1896 1056 1949 saltem
1112 1895 1340 1966 ipsorum
1397 1899 1731 1965 offensionem
1776 1895 2047 1962 reveritUS,

214 1980 464 2033 abstinuit
493 1979 728 2050 protinus
755 1998 788 2032 a
825 1980 1126 2033 Gentilium
1164 1978 1351 2032 mensis
1390 1988 1443 2032 et
1479 1979 1739 2040 societate,
1770 1985 1823 2031 et
1851 1996 1884 2031 a
1914 1981 2050 2032 cibis

215 2063 444 2116 Mosaica
507 2063 625 2134 lege
671 2064 985 2133 prohibitis.
1075 2061 1234 2132 Cujus
1298 2062 1495 2114 inducti
1549 2061 1800 2132 exempIO,
1865 2064 2052 2114 Judoei

216 2146 373 2199 etiam
417 2148 752 2207 Antiocheni,
798 2145 886 2214 qui
931 2146 1104 2197 Pauli
1152 2151 1205 2196 et
1249 2143 1501 2196 sociorum
1545 2143 1868 2197 concionibus
1913 2144 2052 2197 docti

217 2235 368 2281 erant
401 2230 774 2281 Christianam
806 2229 1104 2280 libertatem
1140 2226 1403 2296 aliquanto
1445 2227 1624 2279 melius
1663 2246 1817 2297 quam
1854 2229 2052 2280 Hiero-

218 2312 532 2380 solymitani
583 2310 672 2372 illi,
726 2317 780 2362 et
835 2309 900 2362 de
951 2309 1145 2362 abolita
1202 2311 1308 2379 lcqc
1372 2311 1806 2364 Cercmoniarum
1861 2310 2052 2362 rectius

219 2400 502 2455 senserant,
547 2391 822 2445 imbecilles
862 2399 1034 2444 tamen
1082 2392 1251 2444 adhuc
1291 2399 1345 2445 et
1386 2392 1499 2463 ipsi,
1540 2400 1593 2446 et
1638 2393 1824 2446 ritibus
1869 2393 2053 2463 quibus

220 2476 308 2528 diu
350 2482 683 2529 assueverant
723 2473 1048 2536 addictioreS,
1096 2474 1246 2528 facile
1297 2493 1351 2528 se
1401 2475 1534 2548 passi
1581 2483 1702 2529 sunt
1750 2494 1783 2529 a
1831 2495 2054 2529 commu-

219 2558 371 2611 nione
423 2559 644 2610 fratrum
694 2576 903 2610 suorum
956 2557 1182 2609 fidelium
1245 2559 1548 2611 Gentilium
1606 2559 1890 2631 segregari,
1948 2578 2053 2611 non

219 2641 328 2695 sine
356 2641 528 2711 aliqua
557 2641 636 2709 (ut
665 2639 939 2693 verisimile
980 2642 1079 2709 est)
1119 2639 1224 2693 levi
1268 2641 1450 2694 saltem
1489 2641 1789 2712 suspicione,
1830 2643 2054 2695 Petrum

220 2723 412 2777 scilicet
435 2725 805 2793 Apostolorum
834 2725 1184 2792 Coryphaeum
1203 2723 1268 2776 de
1284 2722 1365 2775 his
1383 2724 1540 2776 rebus
1562 2724 1755 2778 rectius
1773 2724 1980 2787 sentire,
2002 2732 2055 2777 et

219 2825 275 2859 se
315 2806 518 2859 fortean
560 2824 594 2859 a
638 2808 814 2859 Paulo
857 2814 1011 2877 grata
1053 2806 1145 2859 sed
1181 2805 1322 2858 inani
1357 2807 1611 2860 libertatis
1640 2808 1809 2879 specie
1837 2808 2055 2861 laetatos

218 2889 468 2942 hactenus
495 2888 652 2941 fuisse
681 2896 735 2941 et
772 2889 1028 2959 deceptos,
1121 2889 1258 2952 Quin
1297 2896 1351 2942 et
1388 2889 1499 2960 ipse
1542 2890 1696 2944 etiam
1737 2893 2053 2951 Barnabas,

219 2972 358 3041 quod
386 2971 550 3043 magis
574 2971 778 3034 mirere,
817 2971 1144 3041 (infirmiores
1188 2971 1323 3025 enim
1362 2973 1431 3025 ad
1469 2974 1707 3042 lapidem
1746 2975 2057 3042 offendiculi

218 3053 522 3126 impingere,
567 3073 672 3107 non
729 3061 808 3108 est
867 3061 958 3107 aut
1016 3073 1209 3108 novum
1268 3062 1362 3108 aut
1420 3055 1683 3126 insolens),
1742 3056 1831 3126 qui
1887 3057 2056 3108 Pauli

219 3243 413 3301 holding
435 3243 536 3287 free
554 3244 841 3288 intercourse
864 3245 976 3289 with
1005 3246 1139 3290 those
1171 3246 1225 3290 of
1243 3246 1374 3290 them
1398 3245 1502 3289 who
1522 3259 1643 3289 were
1669 3244 1893 3296 Gentiles,
1914 3246 2057 3289 after-

220 3316 368 3358 wards
403 3314 870 3371 separated‘himself
898 3316 1023 3359 from
1046 3317 1191 3369 them,
1229 3318 1413 3374 fearing
1442 3330 1570 3361 some
1596 3316 1769 3360 Jewish
1800 3316 2057 3361 Christians

215 3386 324 3430 vwho
345 3399 475 3429 came
494 3385 671 3429 thither
688 3385 812 3429 from
835 3386 1122 3440 Jerusalem3
1144 3388 1375 3445 (whether
1390 3388 1524 3431 those
1544 3401 1664 3431 were
1683 3387 1800 3430 false
1820 3387 2057 3441 brethren,

220 3472 271 3502 as
292 3471 420 3502 some
445 3471 656 3515 suppose,
678 3470 744 3509 or,
766 3470 815 3500 as
841 3456 998 3502 others
1018 3472 1149 3502 more
1174 3459 1349 3516 rightly
1378 3458 1528 3509 think,
1559 3459 1689 3501 weak
1713 3458 1951 3510 brethren,
1973 3467 2058 3505 not

219 3529 479 3573 instructed
498 3528 602 3572 that
622 3528 704 3573 the
724 3529 866 3572 ritual
887 3529 974 3572 law
994 3529 1088 3572 had
1109 3530 1275 3573 ceased
1299 3534 1349 3573 to
1373 3529 1488 3573 bind
1507 3528 1653 3583 men).
1713 3530 1847 3583 Paul,
1869 3545 1931 3574 on
1949 3531 2057 3584 this,

218 3601 415 3645 resisted
434 3602 589 3653 Peter,
614 3600 703 3643 and
735 3600 984 3644 withstood
1014 3601 1113 3644 him
1143 3605 1192 3644 to
1218 3601 1300 3644 the
1320 3601 1449 3653 face3
1480 3601 1566 3644 but
1587 3602 1824 3646 Barnabas
1844 3617 1936 3647 was
1957 3617 2056 3647 car-

218 3673 322 3716 ried
342 3687 470 3730 away
489 3673 553 3731 by
571 3672 652 3716 the
672 3671 912 3730 authority
933 3673 987 3716 of
1007 3672 1098 3715 this
1119 3673 1472 3723 dissimulati0n,
1492 3672 1673 3730 though
1697 3673 1860 3718 before
1880 3674 1941 3719 he
1961 3675 2057 3719 had

218 3743 340 3789 been
359 3758 388 3789 a
410 3744 815 3803 fellow-preacher
836 3744 889 3788 of
912 3745 1145 3788 Christian
1168 3744 1341 3803 liberty
1361 3744 1473 3788 with
1500 3745 1555 3796 St
1574 3745 1706 3789 Paul.
