2482 4166
652 529 1246 599 PRAELECTIO
1318 531 1709 614 QUINTA.

293 702 364 746 IN
407 698 538 754 QUA
577 699 663 743 DE
703 698 961 743 LEGUM
993 698 1051 742 H
1056 697 1455 743 UMANARUM
1491 698 1958 747 OBLIGATIONE
1996 704 2079 748 IN

580 784 866 828 GENERE
909 784 1209 837 QUAESTIO
1248 784 1782 832 PERTRACTATUR.

989 1085 1121 1134 Rom.
1148 1086 1307 1136 XIII.
1332 1089 1379 1136 5.

264 1195 424 1255 Quare
445 1194 609 1258 subjici
635 1209 806 1242 necesse
836 1202 915 1254 est,
948 1210 1044 1242 non
1074 1193 1229 1241 solum
1244 1204 1449 1258 propter
1472 1195 1619 1256 iram,
1644 1197 1725 1244 seal
1743 1195 1888 1244 etiam
1902 1206 2105 1260 propter

1009 1271 1356 1320 conscientiam.

263 1388 306 1440 I.
538 1388 582 1439 E
648 1387 990 1457 Obliqatione
1046 1388 1398 1441 Conscientiae
1448 1389 1690 1442 Passiva
1740 1388 2104 1443 tractationem

558 1488 772 1522 exorsus
798 1468 1053 1539 superiori
1082 1468 1340 1531 Termin0,
1372 1470 1621 1523 hactenus
1643 1489 1949 1542 progressus
1974 1490 2102 1535 sum,

262 1559 322 1606 ut
370 1552 580 1606 retectis
632 1558 756 1605 ante
797 1551 1106 1621 rejectisque
1151 1550 1252 1603 illis
1299 1553 1562 1615 latibulis,
1610 1552 1665 1605 in
1709 1552 1895 1623 quibus
1938 1553 2106 1607 inesse

262 1634 457 1706 aliquid
485 1633 713 1706 praesidii
742 1633 811 1686 ad
844 1635 1195 1687 Conscientiae
1224 1651 1332 1686 suae
1366 1634 1473 1687 sive
1488 1637 1746 1705 fructum
1788 1636 1960 1706 quoad
1994 1636 2105 1706 jam

247 1721 435 1789 sacta,
486 1716 593 1770 sive
642 1718 987 1770 securitatem
1036 1716 1208 1786 quoad
1236 1718 1528 1786 facienda,
1575 1718 1772 1771 frustra
1813 1718 1911 1771 sibi
1960 1720 2106 1773 blan-

263 1800 477 1853 diuntur
523 1799 709 1872 vulgus
752 1798 1017 1852 hominum
1071 1799 1213 1868 (boni
1260 1799 1453 1853 scilicet
1507 1799 1623 1853 finis
1676 1803 1993 1865 Intentione,
2053 1811 2107 1856 et

263 1882 417 1936 alieni
471 1883 732 1952 Exempli
787 1883 1070 1935 Judiciive
1125 1882 1481 1952 auctoritate,)
1536 1883 1802 1954 propriam
1858 1884 1999 1937 illam
2052 1893 2107 1939 et

265 1968 614 2036 adaequatam
652 1966 1000 2020 Conscientiae
1028 1967 1289 2035 requlam,
1335 1965 1416 2018 cui
1456 1984 1512 2019 se
1548 1966 1782 2020 absolute
1824 1974 1877 2019 et
1914 1967 2107 2038 simpli-

215 2058 237 2099 1
264 2048 393 2102 citer
422 2048 744 2101 conformare
772 2054 1029 2111 teneatur,
1056 2047 1441 2120 investigarem.
1532 2048 1639 2102 Ubi
1668 2049 1870 2102 ostendi
1900 2052 2104 2113 Prim0,

265 2132 437 2183 Deum
474 2130 638 2183 solum
676 2131 730 2183 in
784 2133 1151 2185 Conscientias
1195 2133 1468 2183 hominum
1509 2149 1710 2184 merum
1754 2139 1808 2185 et
1841 2134 2107 2187 directum

214 2222 244 2263 2
266 2216 556 2283 imperium
600 2214 829 2266 habere:
883 2215 1148 2274 SecundO,
1207 2215 1554 2267 Conscientiae
1597 2216 1867 2284 Requlam
1915 2219 2107 2286 proxi-

265 2315 415 2348 mam
440 2302 494 2348 et
527 2294 873 2348 immediatam
904 2313 1015 2348 esse
1039 2296 1250 2348 Lumen
1276 2299 1443 2349 menti
1468 2314 1563 2366 pro
1592 2303 1827 2367 tempore
1856 2316 2101 2369 praesenS‚

266 2378 375 2431 sive
404 2378 563 2448 (quod
591 2378 727 2431 idem
757 2380 856 2447 est)
886 2378 1168 2431 aultimum
1193 2380 1479 2432 Judicium
1506 2382 1810 2434 intellectus
1830 2384 2105 2454 practici:

214 2470 245 2511 3
279 2464 480 2523 TertiO,
540 2462 767 2515 Verbum
816 2462 929 2515 Dei
969 2463 1253 2531 Scriptum
1292 2480 1403 2514 esse
1453 2462 1660 2531 quidem
1711 2482 2003 2534 supremam
2053 2471 2108 2518 et

257 2545 615 2614 primariam,
655 2562 760 2596 non
794 2550 968 2596 tamen
1011 2546 1363 2614 adaequatam
1411 2546 1763 2599 Conscientiae
1801 2549 2068 2616 Requlam
2090 2567 2107 2599 .·

215 2635 247 2677 4
273 2630 497 2689 Quarto,
542 2626 807 2698 propriam
851 2632 905 2679 et
946 2626 1277 2696 adaequatam
1315 2626 1652 2681 Conscientiae
1690 2631 1960 2699 Requlam
1996 2648 2107 2683 esse

280 2709 618 2762 Voluntatem
659 2712 772 2762 Dei
813 2710 1257 2780 qualitercunque
1287 2711 1599 2773 revelatam,
1619 2710 1727 2764 sive
1758 2712 1918 2782 (quod
1947 2712 2106 2766 etiam

267 2790 405 2844 idem
435 2794 533 2861 est)
563 2793 760 2862 Leqem
788 2810 821 2845 a
849 2793 964 2844 Deo
1002 2791 1244 2845 rationali
1296 2799 1550 2846 creaturae
1590 2793 1895 2865 impositam.
1982 2795 2109 2848 Dixi

267 2873 493 2944 insuper,
544 2881 605 2928 ut
640 2892 877 2944 quaenam
919 2881 1055 2927 esset
1091 2874 1181 2928 illa
1218 2876 1330 2928 Dei
1373 2876 1625 2930 voluntas
1666 2876 1865 2947 plenius
1908 2884 1962 2931 et
2007 2878 2108 2931 dis-

268 2955 476 3010 tinctius
530 2956 928 3029 intelligeretur,
984 2958 1157 3010 Deum
1214 2958 1340 3028 Opt.
1391 2959 1534 3011 MaX.
1593 2960 1913 3013 voluntatem
1962 2978 2108 3013 suam

221 3049 241 3089 1
269 3037 493 3092 humano
523 3040 705 3111 generi
729 3039 921 3111 triplici
949 3039 1135 3102 medi0,
1166 3040 1310 3093 velut
1338 3042 1571 3094 Lumine
1599 3042 1917 3113 patefecisse.
1970 3044 2109 3112 Leqe

270 3120 462 3174 scilicet
499 3124 753 3187 Naturae,
785 3140 901 3193 quae
928 3128 1129 3175 constat
1159 3140 1225 3174 ex
1267 3122 1573 3192 quibusdam
1612 3126 1921 3195 Principiis
1940 3143 2109 3193 prac-

273 3204 398 3255 ticis
437 3220 532 3272 per
581 3221 636 3255 se
680 3203 832 3266 notiS,
877 3221 995 3273 quae
1042 3210 1096 3257 et
1143 3205 1262 3257 Lex
1312 3207 1423 3257 Dei
1472 3207 1700 3274 Scripta
1749 3208 1811 3258 in
1856 3208 2109 3260 cordibus

270 3283 460 3336 nostris
502 3283 706 3348 dieitur,
753 3285 897 3337 velut
937 3287 1171 3339 Lumine
1207 3287 1428 3339 Interno
1474 3293 1527 3340 et
1577 3287 1834 3340 mentibus
1880 3289 2071 3342 innato
2090 3309 2107 3341 :

218 3377 248 3417 2
281 3368 442 3420 Verbo
498 3368 609 3419 Dei
641 3369 878 3436 ScriptO,
932 3367 1071 3436 quod
1126 3366 1180 3418 in
1235 3367 1396 3420 sacris
1450 3368 1720 3439 utriusque
1769 3370 2109 3424 Instrumenti

271 3448 613 3502 voluminibus
655 3448 960 3511 continetur,
1005 3447 1147 3502 velut
1192 3450 1427 3502 Lumine
1462 3452 1709 3505 Eoeterno
1742 3459 2108 3524 supernatura-

337 3638 355 3658 ⁸
380 3631 402 3677 ἦ
431 3631 661 3670 τελευταία
687 3631 897 3682 πρότασις
932 3634 1051 3684 κυρία
1078 3637 1164 3673 τῶν
1181 3635 1391 3684 πράξεων.
1442 3635 1615 3673 Aristot.
1640 3635 1737 3674 Eth.
1764 3635 1854 3675 Nic.
1874 3648 1951 3676 VII.
1970 3639 2008 3676 5.

371 3762 411 3801 1.
465 3758 804 3805 Enumeration
830 3760 884 3805 of
898 3760 978 3805 the
999 3761 1154 3819 points
1181 3761 1461 3806 established
1482 3762 1530 3805 in
1550 3760 1631 3806 the
1656 3763 1870 3820 previous
1891 3764 2106 3811 Lecture.
