2482 4166
449 287 553 338 198
776 293 862 337 DE
903 294 1131 339 LEGUM
1171 294 1594 340 HUMANARUM
1632 294 1934 340 MATERIA.

443 421 722 475 consistere
769 421 949 475 eadem
991 422 1045 475 in
1092 425 1537 485 Ecclesiasticis;
1580 423 1692 493 quis
1740 423 1897 477 ullam
1936 426 2274 478 discriminis

448 504 533 557 vel
568 503 917 557 tenuissimam
945 506 1181 558 umbram
1218 524 1283 557 ex
1314 505 1401 557 illo
1430 511 1578 558 textu
1606 505 1774 559 eliciat
1803 506 2011 559 tandem
2029 507 2059 559 P
2143 506 2273 559 Esto

446 588 708 640 Ecclesiae
759 589 1085 641 Christiance
1136 587 1400 659 legislator
1456 587 1727 641 Christus:
1793 588 1982 640 Annon
2040 595 2092 641 et
2147 592 2274 642 Rei-

438 671 677 738 publicae
710 671 1041 723 Christianae
1068 669 1265 739 pariter
1283 670 1312 721 P
1367 670 1553 738 Neque
1581 669 1716 721 enim
1745 670 1974 723 meminit
1991 670 2274 741 Apostolus
2349 672 2363 685 '

448 751 503 803 in
545 757 655 804 toto
698 751 784 803 illo
831 758 1080 803 commate
1119 752 1417 811 Ecclesioe;
1456 768 1551 802 neo
1587 750 1653 803 de
1681 753 1837 804 rebus
1866 753 2274 807 Ecclesiasticis

451 833 655 885 omnino
675 833 1070 903 disputationem
1099 832 1238 884 illam
1259 831 1509 884 instituit:
1554 831 1678 901 quin
1704 831 1807 884 imo
1828 851 1924 885 nec
1945 834 2011 886 de
2027 837 2274 903 politicis

445 922 537 968 aut
565 917 764 984 Zeyibus
780 921 871 967 aut
886 915 1107 983 juribus
1125 914 1197 966 ibi
1218 913 1409 986 agitur,
1436 913 1528 967 sed
1548 914 1613 966 de
1632 917 1981 984 privatorum
2003 917 2275 968 hominum

449 999 703 1052 censuris,
739 996 919 1051 Voluit
943 996 1028 1049 ille
1051 996 1228 1049 fideles
1252 996 1555 1058 admonitOS,
1583 1003 1642 1049 ut
1664 999 1996 1050 Christianae
2017 1000 2275 1051 caritatis

448 1097 717 1141 memoreS,
741 1097 773 1131 a
791 1077 1041 1131 fratribus
1060 1085 1257 1132 temere
1271 1078 1560 1148 judicandis
1581 1079 1922 1133 abstinerent:
1952 1081 2122 1133 Deum
2140 1081 2275 1133 enim

445 1161 650 1213 unicum
680 1179 790 1214 esse
825 1163 1286 1215 Conscientiarum
1307 1163 1564 1229 judicem,
1610 1161 1698 1230 qui
1726 1162 1862 1214 solus
1889 1164 2084 1232 Leyem
2114 1162 2271 1225 dedit,

448 1262 513 1296 ex
559 1261 661 1313 qua
704 1243 758 1295 in
801 1243 885 1295 die
927 1243 1106 1296 ultimo
1137 1245 1438 1311 judicandi
1481 1250 1651 1296 essent
1693 1243 1895 1315 singuli.
1983 1244 2085 1296 Hic
2122 1262 2275 1297 verus

444 1326 579 1378 illius
621 1325 719 1379 1001
764 1343 977 1395 scopus3
1023 1326 1135 1378 haec
1163 1325 1398 1396 Apostoli
1426 1344 1582 1379 mens
1674 1326 1813 1389 Quid
1841 1326 1953 1388 hoc,
1988 1344 2176 1396 quaesO,
2206 1328 2276 1380 ad

446 1411 616 1478 Lesyes
651 1411 920 1461 humanas
965 1409 1318 1470 damnandas3
1361 1414 1453 1460 aut
1498 1407 1540 1460 si
1586 1408 1918 1469 damnandas,
1958 1426 2049 1461 cur
2084 1411 2274 1463 Eccle-

448 1493 705 1544 siasticas
737 1490 917 1561 magiS,
955 1508 1108 1560 quam
1139 1491 1462 1544 Politicas?
1551 1491 1783 1553 Quarum
1821 1496 2038 1554 neutrae,
2086 1491 2269 1544 saltem

446 1591 550 1625 non
576 1591 694 1626 unae
722 1572 886 1644 magis
912 1589 1066 1641 quam
1095 1572 1290 1635 alterae,
1316 1591 1349 1626 a
1376 1571 1524 1625 nobis
1552 1579 1852 1626 asseruntur
1871 1592 1977 1644 per
2006 1592 2059 1628 se
2086 1584 2136 1627 et
2163 1575 2274 1627 vir-

448 1665 555 1708 tute
584 1673 687 1708 sua
716 1654 947 1726 obligare
979 1654 1341 1709 ConscientiaS.

570 1737 830 1790 XXVIII.
885 1736 1145 1807 Objiciunt
1173 1740 1415 1800 secundO,
1446 1739 1840 1807 Perfectionem
1872 1740 2058 1791 Sacroe
2089 1741 2272 1808 Scrip-

448 1830 588 1872 turos
604 1839 625 1881 ,·
668 1819 903 1891 regulam
931 1820 1064 1871 hanc
1093 1837 1202 1872 esse
1224 1819 1346 1873 vitae
1377 1826 1430 1873 et
1457 1838 1690 1883 morum3
1735 1822 1932 1889 Leyem
1950 1823 2270 1890 perfectam,

440 1907 494 1954 et
523 1919 638 1971 quae
666 1904 961 1971 sapientem
992 1901 1214 1955 reddere
1243 1901 1403 1972 possit
1432 1904 1694 1956 hominem
1724 1904 1833 1955 Dei
1862 1905 1940 1955 ad
1966 1922 2114 1956 omne
2139 1922 2273 1972 opus

449 1985 639 2036 bonum
654 2004 674 2045 ;
722 1983 803 2036 cui
843 1983 1071 2053 quisquis
1116 1983 1182 2036 de
1227 2002 1318 2036 suo
1365 1983 1636 2054 quicquam
1681 1986 1976 2047 addiderit,
2014 1984 2270 2056 insignem

444 2066 559 2118 Deo
589 2064 829 2136 injuriam
863 2065 1059 2128 fecerit,
1102 2072 1156 2118 et
1198 2065 1293 2118 sibi
1338 2065 1668 2138 gravissimas
1712 2066 2042 2119 accersiverit
2074 2085 2267 2137 poenas.

445 2147 744 2201 Certissima
772 2148 955 2201 omnia.
1032 2148 1185 2211 Quod
1211 2148 1253 2200 si
1285 2147 1553 2218 Scriptura
1581 2148 1648 2201 sit
1675 2148 1860 2220 regula
1883 2147 2004 2202 vitae
2033 2156 2086 2201 et
2113 2167 2272 2219 agen-

442 2230 626 2283 dorum
656 2230 888 2283 omnibus
914 2230 1141 2283 numeris
1169 2230 1435 2294 absoluta3
1479 2230 1634 2300 idque
1664 2229 1729 2298 (si
1771 2230 1919 2283 novis
1956 2231 2036 2283 his
2073 2233 2272 2284 Stoicis

442 2312 591 2381 fides)
621 2331 783 2383 usque
810 2313 878 2366 ad
907 2330 992 2365 res
1022 2330 1250 2383 quasque
1278 2312 1535 2375 leviculas,
1569 2320 1629 2366 ut
1656 2330 1750 2365 000
1779 2316 2065 2382 ¹'sestucam
2092 2313 2272 2367 tollere

439 2394 590 2448 liceat
614 2395 796 2448 nisiex
826 2394 974 2449 verbi
995 2395 1097 2447 Dei
1125 2394 1459 2465 praescripto:
1494 2413 1561 2447 an
1583 2413 1686 2448 non
1706 2401 1815 2447 tam
1837 2397 1992 2449 rebus
2019 2397 2272 2449 civilibus

441 2477 739 2549 regulandis
769 2477 996 2539 sufficiet,
1020 2495 1175 2546 quam
1203 2479 1613 2531 Ecclesiasticis
1630 2499 1650 2539 ;
1693 2485 1783 2531 aut
1813 2477 1900 2548 qui
1928 2477 2093 2549 magis
2123 2478 2271 2530 dero-

440 2559 639 2629 gabunt
667 2559 969 2628 perfectioni
1006 2559 1290 2628 Scripturae
1328 2561 1591 2613 Ecclesiae
1625 2561 1811 2631 LegeS,
1850 2577 2005 2629 quam
2035 2561 2270 2628 Reipub-

446 2642 563 2692 licae
585 2641 614 2692 ,Ρ
697 2640 805 2693 Α111
850 2639 963 2710 quis
1005 2659 1122 2692 eum
1159 2647 1301 2693 recte
1339 2641 1529 2694 dixerit
1555 2644 1835 2695 addidisse
1862 2642 2021 2695 verbo
2048 2642 2151 2693 Dei
2179 2641 2270 2693 ali-

442 2720 582 2790 quid,
614 2720 702 2789 qui
745 2723 878 2790 {eyes
904 2723 1329 2774 Ecclesiasticas
1367 2723 1594 2776 condidit
1639 2726 1850 2776 ordinis
1889 2734 1939 2778 et
1975 2725 2271 2777 honestatis

441 2820 626 2855 causa:
669 2820 826 2873 quum
851 2820 945 2855 nec
973 2802 1058 2855 ille
1087 2804 1256 2871 Leyes
1285 2820 1402 2855 suas
1430 2803 1618 2873 populo
1648 2812 1903 2874 proponat
1931 2812 1990 2858 ut
2017 2807 2129 2857 Dei
2156 2824 2270 2858 ver-

445 2886 566 2937 bum
582 2905 603 2946 ,·
643 2891 696 2937 et
724 2885 868 2937 Deus
896 2884 950 2936 in
979 2885 1139 2937 verbo
1170 2903 1260 2936 suo
1299 2885 1619 2956 praeceperit,
1657 2891 1716 2938 ut
1745 2885 1915 2939 omnia
1942 2885 1995 2938 in
2036 2885 2269 2939 Ecclesia

441 2968 630 3020 ordine
658 2973 712 3020 et
740 2968 946 3020 honeste
974 2967 1101 3019 fiant
1119 2967 1148 3019 P

490 3157 507 3178 Υ
534 3148 769 3199 [Καθάπαξ
789 3149 1013 3198 ἀδιάφορα,
1039 3151 1124 3187 οἷον
1140 3150 1192 3186 *τὸ
1209 3166 1315 3198 προ·
1354 3153 1358 3232 ι
1397 3149 1664 3188 ἀνελέσθαι
1677 3151 1817 3186 τιτῶν
1830 3148 2018 3197 ἐμπόδων
2037 3148 2229 3196 κάρφος
2245 3149 2268 3194 ἢ

442 3216 578 3248 τεῖναι
603 3212 680 3248 τὸν
704 3211 909 3249 δάκτυλον
944 3211 1013 3248 ὠδὶ
1040 3210 1064 3256 ἢ
1094 3211 1179 3258 (ὁδὶ,
1205 3211 1230 3257 ἢ
1261 3212 1314 3250 τὸ
1355 3233 1358 3252 1
1398 3211 1575 3261 φύλλον.
1630 3212 1810 3248 Stobaeus
1827 3212 1895 3248 ubi
1920 3223 2040 3260 supra
2062 3211 2167 3248 Sect.
2184 3210 2266 3259 23.]

529 3335 601 3374 28.
665 3322 734 3390 (2)
778 3331 867 3374 The
886 3330 1143 3386 Perfection
1167 3331 1228 3386 of
1243 3329 1477 3387 scripture
1493 3345 1507 3372 .·
1534 3329 1635 3373 The
1655 3328 1783 3373 word
1810 3329 1864 3373 of
1891 3328 1996 3373 God
2016 3328 2153 3372 alone
2179 3342 2266 3372 000

435 3401 606 3445 render
624 3415 679 3445 us
700 3402 807 3445 wise
828 3406 878 3445 to
900 3415 1038 3459 every
1057 3401 1180 3458 good
1195 3401 1350 3454 work;
1376 3401 1470 3444 and
1484 3414 1606 3444 none
1628 3414 1715 3444 can
1734 3399 1827 3443 add
1838 3404 1888 3443 to
1907 3400 1945 3443 it
1960 3399 2155 3442 without
2175 3399 2260 3442 sin.

530 3472 640 3516 This
674 3473 712 3515 is
741 3487 852 3530 very
886 3477 1016 3516 true:
1050 3473 1137 3516 but
1171 3473 1209 3516 is
1252 3486 1301 3516 as
1337 3471 1479 3515 much
1508 3472 1688 3528 against
1724 3471 1830 3515 civil
1862 3484 1913 3514 as
1938 3469 2265 3514 ecclesiastioal

434 3542 581 3586 Laws.
644 3543 732 3587 We
762 3543 822 3586 do
857 3548 941 3587 not
966 3544 1058 3587 add
1079 3543 1304 3601 anything
1327 3547 1376 3586 to
1398 3543 1479 3586 the
1508 3542 1635 3585 word
1665 3541 1720 3585 of
1749 3540 1854 3584 God
1874 3540 2008 3584 when
2028 3554 2095 3584 we
2129 3540 2265 3582 make

437 3613 765 3657 ecclesiastical
797 3614 905 3658 laws
935 3614 1009 3658 for
1034 3614 1116 3658 the
1150 3614 1261 3658 sake
1295 3614 1349 3657 of
1378 3613 1516 3657 order
1540 3612 1634 3655 and
1664 3612 1881 3669 decency,
1910 3615 1994 3655 not
2013 3611 2265 3668 proposing

436 3682 567 3725 them
602 3697 652 3728 as
688 3684 770 3728 the
799 3684 928 3728 word
949 3685 1003 3728 of
1024 3685 1155 3736 God3
1187 3685 1274 3729 but
1304 3684 1556 3741 following„
1568 3682 1649 3726 the
1682 3687 1876 3740 precept
1896 3682 2000 3726 that
2021 3681 2084 3725 all
2108 3680 2263 3736 things

439 3765 518 3795 are
537 3757 587 3796 to
608 3753 667 3797 be
688 3754 808 3798 done
830 3755 1046 3813 decently
1065 3755 1159 3799 and
1178 3756 1226 3799 in
1246 3755 1384 3799 order
1404 3755 1454 3798 in
1473 3754 1554 3799 the
1577 3751 1775 3797 Ohurch.
