2482 4166
488 276 556 326 50
1024 283 1109 326 DE
1151 283 1325 328 BONA
1367 283 1434 327 IN
1440 284 1724 329 TENTION
1728 285 1784 329 E.

485 417 693 469 dentem
735 433 841 468 esse
886 424 1105 484 oportet,
1149 414 1316 484 inquit
1361 414 1462 467 ille.
1554 415 1658 467 Sed
1713 416 2109 485 VAuyuscinum
2150 416 2322 486 potius

485 498 768 551 audiamus,
877 499 1031 559 Quod
1083 498 1554 550 sceleratissimum
1582 499 1831 566 faciuuS,
1884 501 2026 567 quod
2073 501 2322 569 turpissi-

486 600 633 633 ‘mum
650 581 951 649 flaqitium‚
985 581 1126 649 quod
1154 580 1539 647 impiissimum
1568 581 1916 648 sacrileyium
1945 580 2110 648 (hemi
2150 599 2322 633 annon

487 661 814 733 suspicamini
853 680 969 713 eum
1000 661 1065 713 de
1103 668 1279 712 nostro
1323 660 1419 711 hoo
1458 660 1643 722 secu10,
1684 660 1973 730 nostrisque
2007 663 2164 714 rebus
2193 663 2322 715 vati-

488 745 712 798 cinatum
731 745 781 813 ?)
820 763 926 797 non
954 745 1176 796 dicatur
1193 744 1322 810 fieri
1340 760 1495 811 posse
1531 753 1669 796 recte
1702 754 1861 812 atque
1887 745 2046 811 juste,
2075 747 2126 797 si
2167 747 2326 798 semel

488 830 893 882 concesserimus
932 829 992 879 in
1031 827 1273 879 omuibus
1302 827 1466 878 malis
1494 827 1740 894 operibus
1768 827 2041 878 homiuum
2069 829 2188 880 ideo
2217 847 2322 880 uon

487 914 621 982 quid
636 913 759 979 fiat,
790 912 883 963 sed
912 928 1080 979 quare
1117 910 1236 974 fiat,
1275 909 1632 978 quaerendum,
1664 919 1725 960 ut
1754 927 2075 978 quoecumque
2094 921 2321 978 propter

488 996 653 1046 bonas
695 1012 893 1046 causas
920 994 1091 1061 facta
1132 993 1491 1060 reperiuntur,
1537 1009 1630 1043 nec
1672 993 1798 1060 ipsa
1839 993 1993 1043 mala
2036 1011 2140 1045 6836
2167 994 2320 1061 judi-

487 1086 673 1129 centur
693 1076 721 1127 ?
806 1075 981 1143 Atque
1023 1073 1227 1134 iterum,
1281 1075 1413 1127 Cum
1448 1076 1762 1127 concesseris
1791 1076 2185 1127 admittendum
2214 1095 2320 1129 esse

486 1159 713 1226 aliquod
756 1158 976 1218 malum,
1028 1174 1092 1208 rie
1146 1157 1363 1224 aliquid
1412 1158 1641 1224 yravius·
1698 1158 2066 1217 admittatur3
2110 1176 2215 1210 uon
2258 1177 2321 1211 ex

484 1240 676 1309 recula
714 1240 979 1300 veritatis,
1021 1239 1113 1291 sed
1152 1256 1214 1289 ex
1250 1256 1349 1290 sua
1380 1240 1600 1307 quisque
1639 1240 1938 1308 cupiditate
1978 1250 2076 1291 aut
2113 1258 2320 1293 consue-

487 1324 672 1375 tudine
717 1323 964 1374 metietur
1012 1321 1218 1372 malum
1261 1330 1311 1372 et
1355 1322 1417 1371 id
1457 1321 1683 1389 putabit
1729 1323 1972 1389 yravius,
2023 1324 2163 1390 quod
2206 1325 2320 1393 ipse

485 1406 724 1475 amplius
770 1406 1105 1464 exhorrescit,
1154 1421 1260 1455 uon
1299 1404 1440 1472 quod
1485 1404 1723 1472 amplius
1766 1422 1953 1457 revera
1989 1406 2320 1474 fuyieudum

486 1499 577 1541 est.
674 1487 769 1541 Vis
827 1485 1123 1558 argumenti
1168 1486 1268 1537 huc
1322 1485 1474 1537 redit.
1567 1484 1622 1538 Si
1658 1488 1933 1554 facienda
1986 1489 2097 1539 sint
2148 1490 2316 1550 mala,

483 1581 545 1622 ut
588 1572 834 1624 eveniant
870 1571 1044 1629 bonam
1096 1586 1253 1637 quum
1307 1574 1505 1620 certum
1550 1567 1617 1620 sit
1656 1586 1758 1619 non
1798 1587 1908 1620 esse
1944 1572 2128 1622 omnia
2166 1572 2318 1623 mala

483 1652 734 1714 facienda,
783 1670 877 1704 nec
922 1657 1137 1722 propter
1182 1652 1382 1718 quaevis
1430 1652 1605 1708 ὂοηας
1648 1656 1740 1703 aut
1781 1650 1986 1720 utrique
2017 1651 2134 1704 huic
2171 1652 2318 1704 dubi-

482 1735 667 1788 tationi
700 1742 870 1787 certus
911 1733 1215 1787 statuendus
1257 1739 1335 1785 est
1372 1733 1567 1797 modUS,
1610 1734 1824 1804 (primo,
1875 1736 2136 1799 Quaenam
2165 1736 2317 1787 mala

482 1825 602 1870 sunt
624 1817 874 1879 facienda,
895 1823 954 1869 ut
981 1815 1223 1869 eveniant
1249 1815 1399 1877 bona,
1432 1822 1484 1868 et
1513 1833 1628 1884 quae
1657 1815 1800 1867 non?
1829 1818 2071 1879 secundO,
2103 1824 2318 1887 propter

482 1919 731 1970 quoenam
783 1902 921 1953 bona
969 1898 1141 1968 aliqua
1185 1898 1323 1950 mala
1374 1904 1494 1950 sunt
1538 1897 1793 1961 facienda,
1842 1906 1895 1951 et
1942 1906 2159 1968 propter
2201 1917 2316 1969 quae

481 2001 585 2034 non
603 1983 653 2051 P)
697 1989 789 2035 aut
833 1980 1229 2051 uniuscujusque
1277 1979 1496 2032 hominis
1535 1979 1728 2050 judicio
1773 1981 2173 2050 permittendum
2221 1990 2314 2046 est,

479 2064 725 2118 arbitrari
768 2071 924 2135 prout
962 2081 1047 2115 res
1086 2062 1278 2125 tulerit,
1321 2070 1374 2115 et
1409 2062 1507 2132 ipsi
1548 2062 1714 2115 visum
1750 2062 1923 2125 fuerit,
1966 2066 2100 2133 quid
2127 2064 2316 2116 sacien-

481 2148 604 2200 dum
644 2155 697 2201 et
740 2150 874 2218 quid
913 2165 1032 2208 non,
1079 2151 1132 2197 et
1160 2155 1388 2215 propter
1426 2147 1573 2214 quid.
1658 2146 1890 2207 Quorum
1917 2146 2170 2199 utrumvis
2199 2166 2316 2199 con-

478 2230 707 2293 cedatur,
739 2230 865 2283 nihil
893 2229 1030 2282 inter
1058 2227 1290 2279 homines
1315 2233 1485 2280 tutum
1515 2227 1629 2289 erit,
1657 2227 1783 2279 nihil
1812 2234 2061 2291 sanctum,
2093 2228 2221 2281 nihil
2249 2231 2314 2282 ab

479 2312 695 2383 injuriiS,
740 2311 994 2385 perjuriiS,
1035 2309 1318 2372 fraudibus,
1359 2308 1571 2380 rapinis,
1614 2309 1851 2373 caedibus‚
1882 2311 2315 2381 perduellionibus

690 2503 708 2521 v
734 2498 872 2533 contra
890 2495 1155 2542 Mendacium,
1175 2508 1263 2544 cap.
1282 2495 1346 2534 vii.
1369 2495 1428 2545 [n.
1447 2498 1506 2542 18,
1528 2496 1635 2544 Opp.
1657 2495 1771 2532 Tom.
1792 2505 1851 2532 vl.
1868 2506 1909 2542 p.
1928 2493 2013 2532 456.
2032 2492 2095 2542 D.]

479 2595 584 2646 evil,
620 2607 759 2652 every
792 2609 881 2638 one
916 2595 1008 2637 will
1039 2609 1251 2639 measure
1284 2596 1375 2639 evil
1406 2595 1469 2653 by
1500 2595 1572 2639 his
1598 2610 1699 2639 own
1730 2595 1902 2639 desires
1933 2607 1987 2637 or
2022 2594 2189 2647 habits,
2219 2595 2312 2638 and

477 2665 571 2708 will
596 2665 733 2708 think
752 2665 856 2709 that
875 2665 956 2709 the
976 2670 1181 2722 greatest
1207 2666 1309 2717 evil,
1330 2666 1480 2708 which
1504 2666 1564 2709 he
1585 2665 1777 2709 himself
1796 2669 1918 2708 most
1939 2665 2140 2709 dislikes.

572 2736 629 2779 In
650 2736 793 2786 short,
816 2737 858 2778 if
876 2750 944 2779 we
968 2751 1076 2794 may
1095 2737 1154 2779 do
1177 2736 1266 2780 evil
1291 2736 1395 2779 that
1417 2737 1540 2792 good
1565 2751 1673 2793 may
1698 2749 1843 2787 come,
1865 2735 1989 2778 since
2012 2749 2078 2779 we
2099 2750 2207 2793 may
2227 2740 2311 2779 not

477 2807 538 2851 do
560 2807 622 2850 all
642 2808 744 2859 evil,
764 2821 851 2851 nor
871 2807 946 2851 for
970 2822 1062 2865 any
1089 2808 1226 2864 good,
1246 2806 1397 2850 either
1416 2821 1484 2850 we
1505 2812 1629 2850 must
1649 2811 1720 2851 set
1739 2807 1881 2850 limits
1902 2811 1951 2849 to
1973 2807 2086 2850 each
2109 2807 2164 2850 of
2178 2807 2310 2851 these

475 2879 659 2930 douth,
687 2877 832 2933 (what
866 2879 977 2922 evils
1013 2893 1122 2936 may
1153 2879 1212 2922 be
1249 2879 1385 2931 done,
1423 2878 1515 2921 and
1548 2879 1621 2922 for
1658 2878 1781 2921 what
1811 2878 1935 2935 good
1965 2878 2077 2936 they
2113 2893 2221 2936 may
2249 2879 2310 2923 be

476 2951 598 2994 done
614 2946 649 3003 3)
671 2964 724 2994 or
744 2964 810 2993 we
832 2954 956 2993 must
975 2950 1109 2994 leave
1129 2951 1167 2993 it
1187 2954 1236 2993 to
1257 2949 1373 2993 each
1392 2949 1537 2993 man's
1553 2950 1815 3007 judgment,
1837 2948 1958 2992 what
1979 2964 2087 3006 may
2106 2949 2165 2993 be
2188 2950 2309 2994 done

474 3022 569 3065 and
607 3022 730 3065 what
761 3027 859 3073 not,
897 3021 990 3065 and
1022 3021 1097 3065 for
1132 3021 1257 3064 what
1296 3021 1414 3065 end:
1456 3020 1608 3064 either
1642 3021 1697 3065 of
1727 3019 1877 3063 which
1920 3021 2132 3077 opinions
2168 3021 2309 3078 being

472 3094 685 3150 granted,
716 3093 914 3150 nothing
949 3093 1041 3136 will
1079 3093 1140 3136 be
1175 3107 1353 3144 secure,
1387 3092 1584 3149 nothing
1617 3092 1792 3143 sacred,
1824 3091 2022 3148 nothing
2054 3091 2153 3134 safe
2183 3092 2308 3134 from

473 3165 641 3223 injury,
661 3166 863 3223 perjury,
878 3165 1030 3216 fraud,
1045 3165 1221 3222 rapine,
1243 3164 1445 3214 murder,
1463 3169 1649 3207 treason
1668 3163 1761 3207 and
1776 3162 2016 3207 rebellion.
2075 3162 2304 3220 Religion,

471 3237 503 3280 J
505 3238 664 3289 ustice,
684 3237 871 3294 Equity,
890 3236 1029 3279 Faith
1055 3236 1148 3279 and
1169 3238 1322 3279 Peace
1346 3235 1437 3278 will
1462 3236 1562 3292 quit
1586 3235 1668 3279 the
1694 3234 1841 3278 earth.

564 3307 672 3363 [We
706 3323 814 3366 may
848 3308 1034 3351 remark
1074 3321 1201 3365 upon
1236 3306 1342 3359 this,
1378 3307 1605 3358 however,
1636 3307 1740 3350 that
1776 3304 2041 3349 Sanderson
2069 3305 2200 3348 takes
2230 3303 2305 3347 for

470 3380 668 3436 granted
689 3379 791 3423 that
816 3379 898 3423 the
925 3380 1081 3437 laying
1114 3379 1249 3422 down
1280 3379 1438 3430 Rules,
1464 3392 1512 3421 as
1545 3383 1595 3422 to
1620 3378 1743 3421 what
1770 3377 1957 3421 smaller
1987 3377 2079 3420 sins
2108 3390 2214 3433 may
2245 3376 2304 3419 be

470 3452 745 3495 committed
764 3456 813 3495 to
836 3465 996 3495 secure
1018 3451 1140 3494 what
1162 3454 1348 3507 greater
1377 3450 1513 3507 good,
1542 3454 1665 3493 must
1690 3447 1968 3503 necessarily
1995 3447 2101 3490 lead
2120 3451 2169 3489 to
2191 3459 2302 3489 con—

473 3535 723 3579 sequences
763 3522 938 3580 utterly
978 3522 1215 3566 immoral:
1250 3521 1455 3564 whereas
1492 3520 1585 3564 this
1623 3522 1659 3564 is
1697 3524 1781 3563 not
1816 3516 2044 3561 manifest.
2109 3517 2183 3560 On
2220 3517 2301 3561 the

470 3598 701 3651 contrary,
722 3608 850 3637 some
872 3594 1020 3637 moral
1044 3594 1220 3637 writers
1247 3592 1364 3636 have
1385 3591 1645 3649 attempted
1666 3596 1715 3634 to
1741 3590 1817 3646 lay
1843 3588 1978 3631 down
2002 3588 2116 3632 such
2136 3588 2296 3633 Rules.

470 3662 572 3706 The
612 3665 941 3722 impossibility
984 3665 1039 3708 of
1070 3665 1211 3722 doing
1254 3664 1347 3707 this
1388 3662 1689 3718 consistently
1728 3659 1839 3703 with
1877 3660 2027 3704 sound
2067 3660 2299 3717 morality,

469 3747 591 3789 may,
622 3734 647 3777 I
677 3736 908 3788 concere,
939 3736 998 3779 be
1029 3736 1199 3788 shewn,
1227 3735 1313 3779 but
1344 3737 1513 3779 cannot
1542 3733 1761 3791 properly
1789 3731 1849 3776 be
1880 3732 2094 3776 assumed
2118 3745 2167 3775 as
2192 3731 2298 3776 sels-

471 3802 697 3857 evident]
