2482 4166
1040 261 1403 307 PRAEFATIO.
2088 256 2142 307 xi

299 394 461 468 possit
487 394 685 447 habere
711 390 979 446 modestiae
1009 390 1242 462 speeiem·
1268 388 1511 460 aliquam,
1552 386 1679 440 mihi
1711 393 1887 441 tamen
1913 407 2019 442 una
2046 390 2144 444 hac

299 490 485 544 idonea
530 488 858 543 excusatione
915 485 1124 540 defendi
1180 502 1333 557 posse
1390 484 1615 547 videtur,
1671 484 1811 554 quod
1863 483 1930 537 sit
1987 486 2142 538 certis

299 585 604 656 quibusdam
650 583 957 646 hominibuS,
1011 584 1086 652 (et
1140 600 1239 654 ego
1281 581 1338 634 in
1381 581 1480 633 hoc
1538 582 1734 649 censu,)
1787 575 1997 656 ἐμφυὲς
2052 579 2137 635 καὶ

301 679 580 755 συγγενὲς
616 674 759 747 ἦθος,
798 679 874 733 ita
908 677 1239 751 congenitum
1267 676 1584 747 insitumque
1612 676 1679 730 ab
1708 674 1833 746 ipsis
1862 676 2144 740 cunabuliS‚

300 783 360 830 ut
403 777 599 830 frustra
644 777 727 839 sit,
776 774 1006 846 quisquis
1049 792 1116 827 ex
1163 773 1251 826 illo
1292 791 1509 826 numero
1554 772 1609 826 id
1653 771 1760 826 ulla
1798 780 1978 844 speret
2020 791 2053 826 a
2090 791 2145 825 se

301 891 465 944 posse,
510 872 596 927 vel
637 879 753 925 arte
792 870 1001 943 corrigi,
1045 870 1130 924 vel
1170 869 1429 923 industria
1462 868 1716 940 superari.
1806 869 1913 922 Sed
1951 869 2017 923 de
2048 869 2148 922 hac

301 986 375 1031 re,
402 975 510 1021 tam
539 966 759 1030 insuavi,
791 966 916 1020 satis
943 983 1219 1036 superque.

424 1063 649 1117 Instabis
704 1062 941 1124 forsitan,
994 1061 1144 1129 (nihil
1200 1060 1336 1114 enim
1391 1060 1562 1113 adhue
1619 1060 1749 1114 certi
1804 1060 2042 1123 diximuS,
2094 1066 2148 1113 et

305 1158 484 1212 eodem
513 1176 676 1228 usque
704 1156 1065 1225 revolvimur):
1148 1158 1229 1218 Si,
1270 1159 1355 1209 uti
1389 1158 1546 1218 dicis,
1589 1167 1703 1209 tam
1722 1158 1912 1225 fucris
1955 1167 2005 1209 ct
2050 1166 2147 1208 tua

305 1267 488 1326 sponte
506 1258 684 1326 piycr,
724 1265 774 1308 et
803 1257 1088 1308 adversum
1117 1256 1322 1307 amicos
1351 1264 1638 1306 contumace
1655 1273 1675 1314 ;
1717 1255 1989 1306 undenam
2029 1263 2148 1305 tan-

306 1354 426 1405 dem
453 1354 563 1406 ista
594 1353 758 1405 editio
782 1351 812 1405 ,Ρ
895 1351 1017 1403 Non
1050 1348 1258 1402 aliunde
1286 1367 1426 1412 sane,
1463 1349 1689 1418 inquam,
1734 1367 1890 1419 quam
1928 1366 1995 1400 ex
2035 1346 2150 1418 ipsa

305 1448 421 1510 hac,
452 1447 518 1500 de
553 1465 655 1517 qua
692 1445 928 1517 proxime
966 1463 1137 1499 sermo
1181 1444 1295 1507 fuit,
1341 1461 1559 1514 quaeque
1607 1443 1662 1495 in
1708 1444 1865 1497 rebus
1910 1441 2151 1496 humanis

306 1542 461 1615 longe
486 1542 694 1613 lateque
724 1540 1036 1603 dominatur,
1066 1542 1416 1594 Necessitate.

638 1650 798 1710 Λόγος
834 1649 928 1716 γάρ
962 1650 1098 1698 ἐστιν
1131 1648 1212 1696 οὖκ
1244 1649 1369 1709 ἐμὸς,
1407 1653 1570 1713 σοφῶν
1607 1650 1642 1696 δ’
1676 1649 1805 1713 ἔπος,

635 1730 800 1785 Δεινῆς
835 1728 1034 1788 ἀνάγκης
1068 1726 1198 1775 οὐδὲν
1241 1728 1420 1793 ἰσχύειν
1459 1729 1653 1779 πλέον.*

427 1835 511 1887 Ne
540 1839 593 1887 te
620 1832 761 1886 ultra
789 1850 979 1895 morer,
1010 1850 1122 1885 rem
1151 1837 1317 1885 totam
1345 1834 1594 1903 aperiam,
1625 1842 1679 1890 et
1707 1834 1899 1907 paucis.
1969 1833 2154 1906 Fregit

310 1949 511 1984 omnem
539 1930 678 1984 illam
708 1948 864 2000 quam
894 1928 1020 1982 dicis
1059 1928 1448 1992 contumaciam,
1488 1950 1591 1985 uno
1632 1932 1779 2003 quasi
1817 1931 1939 1998 ictu,
1984 1932 2154 1983 JAco-

309 2045 412 2079 Bus
454 2027 764 2088 ALLESTRY,
810 2027 1177 2078 Londincnsis
1224 2026 1556 2096 Bibliopola.
1648 2026 1866 2097 Scripsit
1902 2025 1988 2078 ille
2018 2025 2155 2079 datis

310 2123 377 2178 ad
425 2141 508 2175 me
556 2121 735 2184 literis,
796 2120 970 2173 delata
1026 2120 1095 2172 ad
1156 2138 1212 2172 se
1270 2120 1488 2174 istarum
1551 2125 1975 2176 Proelectionum
2032 2121 2155 2175 bina

311 2219 614 2291 apographa
660 2236 819 2289 penes
863 2217 1031 2288 ipsum
1079 2223 1204 2269 tunc
1254 2234 1381 2279 esse,
1434 2224 1490 2271 et
1533 2219 1672 2271 domi
1716 2237 1822 2272 suae
1862 2216 2152 2280 asservari3

314 2314 481 2386 egisse
533 2314 690 2366 etiam
739 2331 912 2366 secum
958 2312 1046 2382 qui
1089 2330 1152 2365 ea
1190 2311 1491 2376 attulerant,
1532 2321 1592 2367 ut
1633 2314 1744 2385 ipso
1795 2321 2027 2377 curante,
2073 2313 2157 2367 vel

313 2409 497 2463 saltem
525 2415 852 2480 procurante,
883 2407 1028 2479 typis
1065 2407 1457 2472 mandarentur,
1506 2410 1646 2479 quod
1685 2409 1783 2462 nisi
1822 2428 1905 2462 me
1944 2428 2156 2462 consen-

312 2506 489 2569 tiente,
540 2505 754 2578 negavit
803 2523 859 2558 se
904 2505 1180 2558 facturum.
1265 2505 1575 2561 Submonuit
1616 2514 1810 2571 tamen,
1856 2525 2014 2577 quum
2055 2508 2157 2561 alia

314 2601 469 2655 etiam
498 2601 621 2654 alibi
650 2607 893 2654 extarent
922 2599 1268 2670 exemplaria,'
1297 2601 1473 2654 caveri
1502 2602 1591 2655 vix
1620 2621 1785 2673 posse,
1817 2603 1860 2656 si
1887 2603 1998 2674 ipse
2026 2622 2157 2675 neg-

312 2696 545 2769 ligerem,
573 2714 639 2749 ne
668 2696 735 2749 ab
773 2695 874 2748 alio
904 2695 1162 2766 quopiam,
1194 2713 1277 2747 me
1306 2695 1481 2760 inscio,
1514 2697 1812 2751 ederentur.
1902 2698 2155 2761 Laudavi,

313 2792 415 2845 imo
443 2791 626 2854 amavi,
670 2790 725 2843 in
749 2790 973 2853 homine,
1015 2797 1070 2844 et
1096 2797 1221 2843 ante
1250 2790 1305 2843 id
1334 2797 1540 2863 tempus
1568 2793 1694 2846 mihi
1722 2793 1931 2865 penitus
1958 2793 2155 2866 ignot0,

314 2888 471 2941 animi
513 2888 823 2950 eandorem;
868 2894 921 2941 et
960 2905 1026 2939 ex
1069 2905 1131 2940 eo
1179 2905 1389 2959 genere,
1432 2889 1620 2958 quibus
1670 2890 1782 2943 fere
1827 2889 1979 2943 unius
2025 2889 2157 2943 lucri

315 2985 541 3038 studium
591 2991 685 3048 est,
739 2983 873 3054 aequi
914 2983 1279 3037 reverentiam.
1369 2985 1633 3057 Rescripsi
1678 2985 1870 3056 itaque,
1924 2986 2159 3039 mitteret

316 3080 467 3133 modo
498 3080 566 3133 ad
595 3099 679 3133 me
718 3098 746 3132 e
787 3079 920 3132 binis
959 3079 1340 3150 exemplaribus
1385 3080 1623 3144 alterum,
1672 3082 1811 3151 quod
1840 3080 2034 3135 scilicet
2059 3081 2158 3152 ipsi

317 3175 584 3228 videretur
630 3175 919 3247 elegantius
965 3175 1392 3246 emendatiusque
1445 3176 1779 3247 descriptum,
1816 3195 1902 3230 me
1944 3176 2156 3230 interim

317 3287 433 3322 cum
476 3269 646 3322 animo
692 3276 995 3339 putaturum
1034 3288 1165 3333 mee,
1218 3270 1343 3340 quid
1371 3269 1497 3322 mihi
1525 3271 1661 3323 facto
1692 3270 1758 3323 sit
1787 3288 1923 3324 usus
2016 3270 2157 3333 Quid

317 3364 523 3417 multa?
611 3363 794 3426 Mittit,
852 3364 986 3436 lego,
1045 3365 1346 3434 perpendo:
1428 3360 1662 3431 Ῡὲλικτοὶ
1719 3360 1925 3428 πάντα,
1977 3361 2159 3422 κου’δέν

318 3455 484 3532 ὖνγιές.
571 3460 775 3513 Praeter
804 3477 891 3511 eas
920 3458 1057 3511 enim
1087 3477 1204 3528 quae
1235 3459 1302 3511 ab
1349 3458 1666 3528 exscriptore
1708 3461 1922 3515 mendas
1966 3462 2157 3533 passim

317 3553 645 3618 innumeras3
692 3573 869 3608 eorum
909 3554 1080 3617 etiam,
1132 3571 1249 3624 quae
1290 3571 1323 3606 a
1368 3552 1563 3624 meipso
1606 3555 1773 3625 prima
1817 3556 1906 3610 illa
1943 3558 2157 3613 medita-

394 3761 417 3781 *
443 3762 622 3812 Euripid.
641 3762 784 3802 Helen.
802 3762 883 3813 [vv.
898 3765 986 3809 513,
1005 3762 1110 3811 514]
1377 3765 1411 3811 †
1440 3762 1637 3812 [Euripid.
1657 3763 1925 3802 Andromach.
1945 3776 1982 3803 v.
1994 3763 2106 3811 448]
