<?xml version="1.0" encoding="UTF-8"?>
<!DOCTYPE html PUBLIC "-//W3C//DTD XHTML 1.0 Transitional//EN"
    "http://www.w3.org/TR/xhtml1/DTD/xhtml1-transitional.dtd">
<html xmlns="http://www.w3.org/1999/xhtml" xml:lang="en" lang="en">
 <head>
  <title>
</title>
<meta http-equiv="Content-Type" content="text/html;charset=utf-8" />
  <meta name='ocr-system' content='tesseract 3.04.00' />
  <meta name='ocr-capabilities' content='ocr_page ocr_carea ocr_par ocr_line ocrx_word'/>
</head>
<body>
  <div class='ocr_page' id='page_1' title='image "./deobligationecon00sanduoft_0275.png"; bbox 0 0 2482 4166; ppageno 0'>
   <div class='ocr_carea' id='block_1_1' title="bbox 860 246 2126 297">
    <p class='ocr_par' dir='ltr' id='par_1_1' title="bbox 860 246 2126 297">
     <span class='ocr_line' id='line_1_1' title="bbox 860 246 2126 297; baseline 0.002 -5"><span class='ocrx_word' id='word_1_1' title='bbox 860 246 1243 293; x_wconf 78' lang='lat' dir='ltr'>PRAELEOTIO</span> <span class='ocrx_word' id='word_1_2' title='bbox 1284 248 1554 295; x_wconf 79' lang='lat' dir='ltr'>OCTAVA.</span> <span class='ocrx_word' id='word_1_3' title='bbox 2025 246 2126 297; x_wconf 83' lang='lat'>251</span> 
     </span>
    </p>
   </div>
   <div class='ocr_carea' id='block_1_2' title="bbox 273 379 2131 2994">
    <p class='ocr_par' dir='ltr' id='par_1_2' title="bbox 273 379 2131 2994">
     <span class='ocr_line' id='line_1_2' title="bbox 293 379 2130 448; baseline 0.001 -13"><span class='ocrx_word' id='word_1_4' title='bbox 293 390 327 415; x_wconf 87' lang='lat'><strong><em>“</em></strong></span> <span class='ocrx_word' id='word_1_5' title='bbox 353 382 463 444; x_wconf 83' lang='lat' dir='ltr'>Qui</span> <span class='ocrx_word' id='word_1_6' title='bbox 482 381 683 435; x_wconf 83' lang='lat' dir='ltr'>civium</span> <span class='ocrx_word' id='word_1_7' title='bbox 710 380 904 433; x_wconf 86' lang='lat' dir='ltr'>electus</span> <span class='ocrx_word' id='word_1_8' title='bbox 921 388 1233 448; x_wconf 79' lang='lat' dir='ltr'>proeturam</span> <span class='ocrx_word' id='word_1_9' title='bbox 1261 379 1535 430; x_wconf 83' lang='lat' dir='ltr'>urbanam</span> <span class='ocrx_word' id='word_1_10' title='bbox 1556 380 1900 443; x_wconf 69' lang='lat' dir='ltr'><strong><em>recusaverit,</em></strong></span> <span class='ocrx_word' id='word_1_11' title='bbox 1921 393 2130 437; x_wconf 86' lang='lat' dir='ltr'>centum</span> 
     </span>
     <span class='ocr_line' id='line_1_3' title="bbox 290 459 2128 530; baseline 0 -11"><span class='ocrx_word' id='word_1_12' title='bbox 290 482 484 519; x_wconf 84' lang='lat' dir='ltr'>aureos</span> <span class='ocrx_word' id='word_1_13' title='bbox 518 465 579 516; x_wconf 89' lang='lat' dir='ltr'>in</span> <span class='ocrx_word' id='word_1_14' title='bbox 622 480 890 516; x_wconf 86' lang='lat' dir='ltr'>commune</span> <span class='ocrx_word' id='word_1_15' title='bbox 917 462 1194 530; x_wconf 81' lang='lat' dir='ltr'>pendito.’&#39;</span> <span class='ocrx_word' id='word_1_16' title='bbox 1272 461 1405 512; x_wconf 85' lang='lat' dir='ltr'>Haec</span> <span class='ocrx_word' id='word_1_17' title='bbox 1446 459 1531 512; x_wconf 90' lang='lat' dir='ltr'>lex</span> <span class='ocrx_word' id='word_1_18' title='bbox 1564 479 1708 529; x_wconf 78' lang='lat' dir='ltr'>pure</span> <span class='ocrx_word' id='word_1_19' title='bbox 1740 465 1980 530; x_wconf 79' lang='lat' dir='ltr'>poenalis</span> <span class='ocrx_word' id='word_1_20' title='bbox 2018 472 2128 519; x_wconf 86' lang='lat' dir='ltr'>est:</span> 
     </span>
     <span class='ocr_line' id='line_1_4' title="bbox 290 541 2129 617; baseline -0.001 -18"><span class='ocrx_word' id='word_1_21' title='bbox 290 546 411 617; x_wconf 89' lang='lat' dir='ltr'>quia</span> <span class='ocrx_word' id='word_1_22' title='bbox 443 564 666 617; x_wconf 71' lang='lat' dir='ltr'>poenam</span> <span class='ocrx_word' id='word_1_23' title='bbox 708 543 969 596; x_wconf 87' lang='lat' dir='ltr'>constituit</span> <span class='ocrx_word' id='word_1_24' title='bbox 1008 542 1216 612; x_wconf 87' lang='lat' dir='ltr'>quidem</span> <span class='ocrx_word' id='word_1_25' title='bbox 1258 541 1614 595; x_wconf 82' lang='lat' dir='ltr'><strong>recusantibus</strong></span> <span class='ocrx_word' id='word_1_26' title='bbox 1651 541 1705 594; x_wconf 93' lang='lat' dir='ltr'>id</span> <span class='ocrx_word' id='word_1_27' title='bbox 1748 560 1933 596; x_wconf 85' lang='lat' dir='ltr'>munus</span> <span class='ocrx_word' id='word_1_28' title='bbox 1975 546 2129 598; x_wconf 87' lang='lat' dir='ltr'>susci-</span> 
     </span>
     <span class='ocr_line' id='line_1_5' title="bbox 290 623 2129 699; baseline -0.001 -18"><span class='ocrx_word' id='word_1_29' title='bbox 290 646 450 699; x_wconf 82' lang='lat' dir='ltr'>pere3</span> <span class='ocrx_word' id='word_1_30' title='bbox 493 627 621 680; x_wconf 91' lang='lat' dir='ltr'>nulli</span> <span class='ocrx_word' id='word_1_31' title='bbox 656 632 832 679; x_wconf 90' lang='lat' dir='ltr'>tamen</span> <span class='ocrx_word' id='word_1_32' title='bbox 870 625 1092 696; x_wconf 89' lang='lat' dir='ltr'>idipsum</span> <span class='ocrx_word' id='word_1_33' title='bbox 1130 630 1222 678; x_wconf 89' lang='lat' dir='ltr'>aut</span> <span class='ocrx_word' id='word_1_34' title='bbox 1264 623 1522 695; x_wconf 88' lang='lat' dir='ltr'>suscipere</span> <span class='ocrx_word' id='word_1_35' title='bbox 1555 626 1830 695; x_wconf 73' lang='lat' dir='ltr'>praecipit,</span> <span class='ocrx_word' id='word_1_36' title='bbox 1875 632 1967 678; x_wconf 88' lang='lat' dir='ltr'>aut</span> <span class='ocrx_word' id='word_1_37' title='bbox 1999 646 2129 695; x_wconf 82' lang='lat' dir='ltr'>pro-</span> 
     </span>
     <span class='ocr_line' id='line_1_6' title="bbox 291 707 2130 779; baseline -0.001 -16"><span class='ocrx_word' id='word_1_38' title='bbox 291 712 434 763; x_wconf 83' lang='lat' dir='ltr'>hibet</span> <span class='ocrx_word' id='word_1_39' title='bbox 478 727 733 762; x_wconf 88' lang='lat' dir='ltr'>recusare.</span> <span class='ocrx_word' id='word_1_40' title='bbox 820 710 938 761; x_wconf 73' lang='lat' dir='ltr'>Lex</span> <span class='ocrx_word' id='word_1_41' title='bbox 975 709 1214 779; x_wconf 70' lang='lat' dir='ltr'>poenalis</span> <span class='ocrx_word' id='word_1_42' title='bbox 1259 709 1437 759; x_wconf 72' lang='lat' dir='ltr'>mixta</span> <span class='ocrx_word' id='word_1_43' title='bbox 1478 717 1572 773; x_wconf 88' lang='lat' dir='ltr'>est,</span> <span class='ocrx_word' id='word_1_44' title='bbox 1617 725 1733 776; x_wconf 85' lang='lat' dir='ltr'>quae</span> <span class='ocrx_word' id='word_1_45' title='bbox 1782 707 1976 777; x_wconf 89' lang='lat' dir='ltr'>aliquid</span> <span class='ocrx_word' id='word_1_46' title='bbox 2017 709 2130 762; x_wconf 90' lang='lat' dir='ltr'>fieri</span> 
     </span>
     <span class='ocr_line' id='line_1_7' title="bbox 281 788 2130 863; baseline -0.001 -17"><span class='ocrx_word' id='word_1_47' title='bbox 281 795 543 863; x_wconf 78' lang='lat' dir='ltr'>proecipit</span> <span class='ocrx_word' id='word_1_48' title='bbox 592 798 683 844; x_wconf 92' lang='lat' dir='ltr'>aut</span> <span class='ocrx_word' id='word_1_49' title='bbox 735 801 896 852; x_wconf 81' lang='lat' dir='ltr'>vetat,</span> <span class='ocrx_word' id='word_1_50' title='bbox 950 789 1154 860; x_wconf 88' lang='lat' dir='ltr'>adjecta</span> <span class='ocrx_word' id='word_1_51' title='bbox 1202 788 1411 859; x_wconf 83' lang='lat' dir='ltr'>insuper</span> <span class='ocrx_word' id='word_1_52' title='bbox 1451 808 1620 858; x_wconf 78' lang='lat' dir='ltr'>poena</span> <span class='ocrx_word' id='word_1_53' title='bbox 1661 790 2130 861; x_wconf 87' lang='lat' dir='ltr'>transgressoribus</span> 
     </span>
     <span class='ocr_line' id='line_1_8' title="bbox 291 872 2131 947; baseline -0.001 -20"><span class='ocrx_word' id='word_1_54' title='bbox 291 875 588 947; x_wconf 85' lang='lat' dir='ltr'>irroganda.</span> <span class='ocrx_word' id='word_1_55' title='bbox 661 873 898 943; x_wconf 87' lang='lat' dir='ltr'>Exempli</span> <span class='ocrx_word' id='word_1_56' title='bbox 920 872 1109 943; x_wconf 86' lang='lat' dir='ltr'>gratia,</span> <span class='ocrx_word' id='word_1_57' title='bbox 1140 889 1389 941; x_wconf 90' lang='lat' dir='ltr'>ponamus</span> <span class='ocrx_word' id='word_1_58' title='bbox 1404 872 1598 940; x_wconf 72' lang='lat' dir='ltr'>Leyem</span> <span class='ocrx_word' id='word_1_59' title='bbox 1621 872 1715 923; x_wconf 90' lang='lat' dir='ltr'>sub</span> <span class='ocrx_word' id='word_1_60' title='bbox 1738 872 1836 924; x_wconf 89' lang='lat' dir='ltr'>hoc</span> <span class='ocrx_word' id='word_1_61' title='bbox 1864 879 1955 925; x_wconf 93' lang='lat' dir='ltr'>aut</span> <span class='ocrx_word' id='word_1_62' title='bbox 1981 873 2131 926; x_wconf 82' lang='lat' dir='ltr'>simili</span> 
     </span>
     <span class='ocr_line' id='line_1_9' title="bbox 289 954 2131 1027; baseline -0.001 -18"><span class='ocrx_word' id='word_1_63' title='bbox 289 956 459 1009; x_wconf 90' lang='lat' dir='ltr'>forma</span> <span class='ocrx_word' id='word_1_64' title='bbox 487 954 821 1027; x_wconf 88' lang='lat' dir='ltr'>promulgari,</span> <span class='ocrx_word' id='word_1_65' title='bbox 865 962 896 983; x_wconf 94' lang='lat'><strong>“</strong></span> <span class='ocrx_word' id='word_1_66' title='bbox 919 957 1092 1007; x_wconf 86' lang='lat' dir='ltr'>Nemo</span> <span class='ocrx_word' id='word_1_67' title='bbox 1131 972 1324 1007; x_wconf 85' lang='lat' dir='ltr'>merces</span> <span class='ocrx_word' id='word_1_68' title='bbox 1358 956 1677 1007; x_wconf 80' lang='lat' dir='ltr'>domesticas</span> <span class='ocrx_word' id='word_1_69' title='bbox 1714 965 1869 1007; x_wconf 75' lang='lat' dir='ltr'>extra</span> <span class='ocrx_word' id='word_1_70' title='bbox 1908 975 2131 1025; x_wconf 69' lang='lat' dir='ltr'>reynum</span> 
     </span>
     <span class='ocr_line' id='line_1_10' title="bbox 289 1038 2131 1107; baseline 0.001 -17"><span class='ocrx_word' id='word_1_71' title='bbox 289 1048 586 1107; x_wconf 77' lang='lat' dir='ltr'>exportatO,</span> <span class='ocrx_word' id='word_1_72' title='bbox 618 1048 718 1090; x_wconf 85' lang='lat' dir='ltr'>aut</span> <span class='ocrx_word' id='word_1_73' title='bbox 737 1038 1060 1106; x_wconf 71' lang='lat' dir='ltr'>pereyrinas</span> <span class='ocrx_word' id='word_1_74' title='bbox 1089 1055 1285 1089; x_wconf 83' lang='lat' dir='ltr'>merces</span> <span class='ocrx_word' id='word_1_75' title='bbox 1324 1038 1580 1089; x_wconf 84' lang='lat' dir='ltr'>advectas</span> <span class='ocrx_word' id='word_1_76' title='bbox 1613 1039 1768 1089; x_wconf 78' lang='lat' dir='ltr'>intra</span> <span class='ocrx_word' id='word_1_77' title='bbox 1797 1056 2017 1106; x_wconf 72' lang='lat' dir='ltr'>reynum</span> <span class='ocrx_word' id='word_1_78' title='bbox 2046 1040 2131 1091; x_wconf 83' lang='lat' dir='ltr'>di-</span> 
     </span>
     <span class='ocr_line' id='line_1_11' title="bbox 289 1120 2131 1189; baseline 0.002 -17"><span class='ocrx_word' id='word_1_79' title='bbox 289 1122 519 1182; x_wconf 78' lang='lat' dir='ltr'>venditO,</span> <span class='ocrx_word' id='word_1_80' title='bbox 569 1121 681 1173; x_wconf 84' lang='lat' dir='ltr'>nisi</span> <span class='ocrx_word' id='word_1_81' title='bbox 730 1129 1035 1172; x_wconf 87' lang='lat' dir='ltr'>consuetum</span> <span class='ocrx_word' id='word_1_82' title='bbox 1079 1120 1315 1186; x_wconf 72' lang='lat' dir='ltr'>vectiyal</span> <span class='ocrx_word' id='word_1_83' title='bbox 1358 1129 1483 1171; x_wconf 88' lang='lat' dir='ltr'>ante</span> <span class='ocrx_word' id='word_1_84' title='bbox 1529 1120 1746 1171; x_wconf 81' lang='lat' dir='ltr'>solverit</span> <span class='ocrx_word' id='word_1_85' title='bbox 1765 1139 1783 1171; x_wconf 91' lang='lat'>.·</span> <span class='ocrx_word' id='word_1_86' title='bbox 1846 1122 1941 1189; x_wconf 79' lang='lat' dir='ltr'>qui</span> <span class='ocrx_word' id='word_1_87' title='bbox 1980 1140 2131 1175; x_wconf 87' lang='lat' dir='ltr'>secus</span> 
     </span>
     <span class='ocr_line' id='line_1_12' title="bbox 274 1201 2129 1273; baseline 0.001 -19"><span class='ocrx_word' id='word_1_88' title='bbox 274 1204 479 1272; x_wconf 84' lang='lat' dir='ltr'>fecerit</span> <span class='ocrx_word' id='word_1_89' title='bbox 518 1203 778 1254; x_wconf 84' lang='lat' dir='ltr'>mercium</span> <span class='ocrx_word' id='word_1_90' title='bbox 826 1203 1114 1253; x_wconf 83' lang='lat' dir='ltr'>amissione</span> <span class='ocrx_word' id='word_1_91' title='bbox 1165 1202 1350 1253; x_wconf 83' lang='lat' dir='ltr'>luit0.&#39;&#39;</span> <span class='ocrx_word' id='word_1_92' title='bbox 1437 1201 1549 1252; x_wconf 85' lang='lat' dir='ltr'>Lex</span> <span class='ocrx_word' id='word_1_93' title='bbox 1583 1203 1824 1270; x_wconf 76' lang='lat' dir='ltr'>poenalis</span> <span class='ocrx_word' id='word_1_94' title='bbox 1868 1209 1961 1264; x_wconf 90' lang='lat' dir='ltr'>est,</span> <span class='ocrx_word' id='word_1_95' title='bbox 2007 1202 2129 1273; x_wconf 89' lang='lat' dir='ltr'>quia</span> 
     </span>
     <span class='ocr_line' id='line_1_13' title="bbox 290 1283 2125 1354; baseline 0.002 -19"><span class='ocrx_word' id='word_1_96' title='bbox 290 1284 575 1354; x_wconf 90' lang='lat' dir='ltr'>appositam</span> <span class='ocrx_word' id='word_1_97' title='bbox 598 1284 758 1336; x_wconf 92' lang='lat' dir='ltr'>habet</span> <span class='ocrx_word' id='word_1_98' title='bbox 776 1301 998 1352; x_wconf 77' lang='lat' dir='ltr'>poenam</span> <span class='ocrx_word' id='word_1_99' title='bbox 1019 1302 1035 1333; x_wconf 93' lang='grc'>.·</span> <span class='ocrx_word' id='word_1_100' title='bbox 1074 1300 1178 1333; x_wconf 91' lang='lat' dir='ltr'>non</span> <span class='ocrx_word' id='word_1_101' title='bbox 1199 1289 1374 1335; x_wconf 89' lang='lat' dir='ltr'>tamen</span> <span class='ocrx_word' id='word_1_102' title='bbox 1393 1301 1535 1351; x_wconf 76' lang='lat' dir='ltr'>pure</span> <span class='ocrx_word' id='word_1_103' title='bbox 1557 1283 1784 1352; x_wconf 87' lang='lat' dir='ltr'>poenalis,</span> <span class='ocrx_word' id='word_1_104' title='bbox 1809 1284 1899 1336; x_wconf 92' lang='lat' dir='ltr'>sed</span> <span class='ocrx_word' id='word_1_105' title='bbox 1920 1287 2084 1338; x_wconf 79' lang='lat' dir='ltr'>mioete</span> <span class='ocrx_word' id='word_1_106' title='bbox 2105 1307 2125 1346; x_wconf 86' lang='grc'>,-</span> 
     </span>
     <span class='ocr_line' id='line_1_14' title="bbox 290 1364 2129 1436; baseline 0.001 -19"><span class='ocrx_word' id='word_1_107' title='bbox 290 1366 413 1435; x_wconf 90' lang='lat' dir='ltr'>quia</span> <span class='ocrx_word' id='word_1_108' title='bbox 442 1367 556 1434; x_wconf 92' lang='lat' dir='ltr'>(sub</span> <span class='ocrx_word' id='word_1_109' title='bbox 585 1365 673 1418; x_wconf 90' lang='lat' dir='ltr'>illa</span> <span class='ocrx_word' id='word_1_110' title='bbox 691 1367 879 1435; x_wconf 81' lang='lat' dir='ltr'>poena)</span> <span class='ocrx_word' id='word_1_111' title='bbox 901 1366 1161 1433; x_wconf 79' lang='lat' dir='ltr'>praecipit</span> <span class='ocrx_word' id='word_1_112' title='bbox 1188 1365 1461 1436; x_wconf 85' lang='lat' dir='ltr'>vectigalia</span> <span class='ocrx_word' id='word_1_113' title='bbox 1489 1364 1631 1427; x_wconf 90' lang='lat' dir='ltr'>solvi,</span> <span class='ocrx_word' id='word_1_114' title='bbox 1662 1375 1806 1418; x_wconf 79' lang='lat' dir='ltr'>vetat</span> <span class='ocrx_word' id='word_1_115' title='bbox 1835 1366 2009 1418; x_wconf 89' lang='lat' dir='ltr'>efferri</span> <span class='ocrx_word' id='word_1_116' title='bbox 2037 1373 2129 1419; x_wconf 91' lang='lat' dir='ltr'>aut</span> 
     </span>
     <span class='ocr_line' id='line_1_15' title="bbox 290 1446 2128 1518; baseline 0 -18"><span class='ocrx_word' id='word_1_117' title='bbox 290 1448 511 1500; x_wconf 84' lang='lat' dir='ltr'>distrahi</span> <span class='ocrx_word' id='word_1_118' title='bbox 550 1465 746 1500; x_wconf 90' lang='lat' dir='ltr'>merces</span> <span class='ocrx_word' id='word_1_119' title='bbox 775 1446 1016 1518; x_wconf 83' lang='lat' dir='ltr'>vectigali</span> <span class='ocrx_word' id='word_1_120' title='bbox 1053 1446 1288 1499; x_wconf 87' lang='lat' dir='ltr'>insolutO.</span> <span class='ocrx_word' id='word_1_121' title='bbox 1378 1447 1512 1499; x_wconf 83' lang='lat' dir='ltr'>Sunt</span> <span class='ocrx_word' id='word_1_122' title='bbox 1540 1446 1629 1516; x_wconf 92' lang='lat' dir='ltr'>qui</span> <span class='ocrx_word' id='word_1_123' title='bbox 1658 1449 1871 1500; x_wconf 84' lang='lat' dir='ltr'>duabus</span> <span class='ocrx_word' id='word_1_124' title='bbox 1907 1448 1987 1499; x_wconf 89' lang='lat' dir='ltr'>his</span> <span class='ocrx_word' id='word_1_125' title='bbox 2027 1459 2128 1501; x_wconf 90' lang='lat' dir='ltr'>ter-</span> 
     </span>
     <span class='ocr_line' id='line_1_16' title="bbox 292 1528 2129 1599; baseline 0 -16"><span class='ocrx_word' id='word_1_126' title='bbox 292 1532 430 1583; x_wconf 85' lang='lat' dir='ltr'>tiam</span> <span class='ocrx_word' id='word_1_127' title='bbox 457 1532 624 1599; x_wconf 75' lang='lat' dir='ltr'>Leyis</span> <span class='ocrx_word' id='word_1_128' title='bbox 651 1531 890 1599; x_wconf 75' lang='lat' dir='ltr'>poenalis</span> <span class='ocrx_word' id='word_1_129' title='bbox 916 1531 1141 1598; x_wconf 78' lang='lat' dir='ltr'>speciem</span> <span class='ocrx_word' id='word_1_130' title='bbox 1169 1528 1461 1581; x_wconf 83' lang='lat' dir='ltr'>addendam</span> <span class='ocrx_word' id='word_1_131' title='bbox 1497 1534 1716 1598; x_wconf 88' lang='lat' dir='ltr'>putant:</span> <span class='ocrx_word' id='word_1_132' title='bbox 1760 1529 1966 1591; x_wconf 88' lang='lat' dir='ltr'>scilicet,</span> <span class='ocrx_word' id='word_1_133' title='bbox 2012 1548 2129 1599; x_wconf 84' lang='lat' dir='ltr'>quae</span> 
     </span>
     <span class='ocr_line' id='line_1_17' title="bbox 280 1610 2127 1683; baseline 0 -19"><span class='ocrx_word' id='word_1_134' title='bbox 280 1614 696 1683; x_wconf 64' lang='lat' dir='ltr'>praeceptionem</span> <span class='ocrx_word' id='word_1_135' title='bbox 724 1610 871 1663; x_wconf 88' lang='lat' dir='ltr'>simul</span> <span class='ocrx_word' id='word_1_136' title='bbox 902 1610 1162 1662; x_wconf 86' lang='lat' dir='ltr'>contineat</span> <span class='ocrx_word' id='word_1_137' title='bbox 1187 1617 1241 1663; x_wconf 92' lang='lat' dir='ltr'>et</span> <span class='ocrx_word' id='word_1_138' title='bbox 1259 1629 1495 1679; x_wconf 81' lang='lat' dir='ltr'>poenam,</span> <span class='ocrx_word' id='word_1_139' title='bbox 1523 1617 1762 1662; x_wconf 83' lang='lat' dir='ltr'>neutram</span> <span class='ocrx_word' id='word_1_140' title='bbox 1791 1618 1964 1663; x_wconf 88' lang='lat' dir='ltr'>tamen</span> <span class='ocrx_word' id='word_1_141' title='bbox 1992 1612 2127 1682; x_wconf 92' lang='lat' dir='ltr'>posi-</span> 
     </span>
     <span class='ocr_line' id='line_1_18' title="bbox 288 1685 2122 1769; baseline 0.001 -22"><span class='ocrx_word' id='word_1_142' title='bbox 288 1695 397 1747; x_wconf 84' lang='lat' dir='ltr'>tive</span> <span class='ocrx_word' id='word_1_143' title='bbox 425 1702 478 1747; x_wconf 92' lang='lat' dir='ltr'>et</span> <span class='ocrx_word' id='word_1_144' title='bbox 506 1693 812 1764; x_wconf 81' lang='lat' dir='ltr'>specialiter,</span> <span class='ocrx_word' id='word_1_145' title='bbox 847 1693 939 1745; x_wconf 87' lang='lat' dir='ltr'>sed</span> <span class='ocrx_word' id='word_1_146' title='bbox 965 1694 1062 1745; x_wconf 87' lang='lat' dir='ltr'>sub</span> <span class='ocrx_word' id='word_1_147' title='bbox 1080 1693 1435 1761; x_wconf 81' lang='lat' dir='ltr'>disjunctione</span> <span class='ocrx_word' id='word_1_148' title='bbox 1462 1685 1769 1769; x_wconf 78' lang='grc' dir='ltr'>ἀδιαφόρως</span> <span class='ocrx_word' id='word_1_149' title='bbox 1798 1693 2122 1748; x_wconf 78' lang='lat' dir='ltr'>alterutram.</span> 
     </span>
     <span class='ocr_line' id='line_1_19' title="bbox 287 1774 2127 1847; baseline 0.001 -18"><span class='ocrx_word' id='word_1_150' title='bbox 287 1777 541 1847; x_wconf 89' lang='lat' dir='ltr'>Exemplo</span> <span class='ocrx_word' id='word_1_151' title='bbox 570 1776 638 1829; x_wconf 90' lang='lat' dir='ltr'>sit</span> <span class='ocrx_word' id='word_1_152' title='bbox 654 1777 770 1829; x_wconf 76' lang='lat' dir='ltr'>Lex</span> <span class='ocrx_word' id='word_1_153' title='bbox 797 1774 892 1828; x_wconf 91' lang='lat' dir='ltr'>sub</span> <span class='ocrx_word' id='word_1_154' title='bbox 935 1774 1027 1827; x_wconf 86' lang='lat' dir='ltr'>tali</span> <span class='ocrx_word' id='word_1_155' title='bbox 1060 1774 1243 1837; x_wconf 86' lang='lat' dir='ltr'>forma,</span> <span class='ocrx_word' id='word_1_156' title='bbox 1275 1776 1374 1828; x_wconf 83' lang='lat' dir='ltr'>“A</span> <span class='ocrx_word' id='word_1_157' title='bbox 1396 1777 1762 1844; x_wconf 78' lang='lat' dir='ltr'>popularibus</span> <span class='ocrx_word' id='word_1_158' title='bbox 1791 1778 1997 1839; x_wconf 82' lang='lat' dir='ltr'>electus,</span> <span class='ocrx_word' id='word_1_159' title='bbox 2027 1788 2127 1830; x_wconf 79' lang='lat' dir='ltr'>aut</span> 
     </span>
     <span class='ocr_line' id='line_1_20' title="bbox 278 1857 2124 1929; baseline 0 -17"><span class='ocrx_word' id='word_1_160' title='bbox 278 1869 588 1929; x_wconf 82' lang='lat' dir='ltr'>proeturam</span> <span class='ocrx_word' id='word_1_161' title='bbox 612 1861 802 1928; x_wconf 75' lang='lat' dir='ltr'>yerito,</span> <span class='ocrx_word' id='word_1_162' title='bbox 827 1867 926 1909; x_wconf 86' lang='lat' dir='ltr'>aut</span> <span class='ocrx_word' id='word_1_163' title='bbox 956 1867 1163 1910; x_wconf 88' lang='lat' dir='ltr'>centum</span> <span class='ocrx_word' id='word_1_164' title='bbox 1182 1859 1461 1926; x_wconf 80' lang='lat' dir='ltr'>pendit0.&#39;&#39;</span> <span class='ocrx_word' id='word_1_165' title='bbox 1541 1857 1703 1927; x_wconf 88' lang='lat' dir='ltr'>Atqui</span> <span class='ocrx_word' id='word_1_166' title='bbox 1731 1858 1859 1909; x_wconf 91' lang='lat' dir='ltr'>nihil</span> <span class='ocrx_word' id='word_1_167' title='bbox 1888 1877 2015 1928; x_wconf 88' lang='lat' dir='ltr'>opus</span> <span class='ocrx_word' id='word_1_168' title='bbox 2045 1866 2124 1913; x_wconf 91' lang='lat' dir='ltr'>est</span> 
     </span>
     <span class='ocr_line' id='line_1_21' title="bbox 288 1939 2125 2009; baseline 0 -15"><span class='ocrx_word' id='word_1_169' title='bbox 288 1941 355 1994; x_wconf 93' lang='lat' dir='ltr'>ob</span> <span class='ocrx_word' id='word_1_170' title='bbox 383 1942 517 1994; x_wconf 89' lang='lat' dir='ltr'>hanc</span> <span class='ocrx_word' id='word_1_171' title='bbox 538 1959 743 1994; x_wconf 88' lang='lat' dir='ltr'>causam</span> <span class='ocrx_word' id='word_1_172' title='bbox 765 1939 888 1992; x_wconf 91' lang='lat' dir='ltr'>addi</span> <span class='ocrx_word' id='word_1_173' title='bbox 917 1942 1142 2009; x_wconf 79' lang='lat' dir='ltr'>speciem</span> <span class='ocrx_word' id='word_1_174' title='bbox 1170 1958 1379 1992; x_wconf 80' lang='lat' dir='ltr'>novam.</span> <span class='ocrx_word' id='word_1_175' title='bbox 1431 1940 1485 1991; x_wconf 91' lang='lat' dir='ltr'>N</span> <span class='ocrx_word' id='word_1_176' title='bbox 1487 1958 1544 1992; x_wconf 89' lang='lat' dir='ltr'>ec</span> <span class='ocrx_word' id='word_1_177' title='bbox 1566 1940 1700 1991; x_wconf 91' lang='lat' dir='ltr'>enim</span> <span class='ocrx_word' id='word_1_178' title='bbox 1724 1939 2125 2009; x_wconf 71' lang='lat' dir='ltr'>multiplicandae</span> 
     </span>
     <span class='ocr_line' id='line_1_22' title="bbox 286 2020 2127 2093; baseline -0.001 -17"><span class='ocrx_word' id='word_1_179' title='bbox 286 2030 406 2077; x_wconf 88' lang='lat' dir='ltr'>sunt</span> <span class='ocrx_word' id='word_1_180' title='bbox 434 2041 609 2076; x_wconf 87' lang='lat' dir='ltr'>rerum</span> <span class='ocrx_word' id='word_1_181' title='bbox 635 2025 834 2093; x_wconf 83' lang='lat' dir='ltr'>species</span> <span class='ocrx_word' id='word_1_182' title='bbox 862 2021 970 2073; x_wconf 89' lang='lat' dir='ltr'>sine</span> <span class='ocrx_word' id='word_1_183' title='bbox 996 2020 1332 2074; x_wconf 84' lang='lat' dir='ltr'>necessitate:</span> <span class='ocrx_word' id='word_1_184' title='bbox 1375 2027 1428 2074; x_wconf 90' lang='lat' dir='ltr'>et</span> <span class='ocrx_word' id='word_1_185' title='bbox 1457 2022 1789 2089; x_wconf 77' lang='lat' dir='ltr'>disjunctiva</span> <span class='ocrx_word' id='word_1_186' title='bbox 1817 2022 1929 2074; x_wconf 85' lang='lat' dir='ltr'>haec</span> <span class='ocrx_word' id='word_1_187' title='bbox 1957 2022 2127 2076; x_wconf 86' lang='lat' dir='ltr'>forma</span> 
     </span>
     <span class='ocr_line' id='line_1_23' title="bbox 287 2103 2124 2176; baseline 0.001 -19"><span class='ocrx_word' id='word_1_188' title='bbox 287 2105 610 2176; x_wconf 86' lang='lat' dir='ltr'>proponendi</span> <span class='ocrx_word' id='word_1_189' title='bbox 642 2105 812 2175; x_wconf 85' lang='lat' dir='ltr'>legem</span> <span class='ocrx_word' id='word_1_190' title='bbox 851 2103 918 2155; x_wconf 92' lang='lat' dir='ltr'>ad</span> <span class='ocrx_word' id='word_1_191' title='bbox 948 2121 1090 2172; x_wconf 80' lang='lat' dir='ltr'>pure</span> <span class='ocrx_word' id='word_1_192' title='bbox 1117 2104 1387 2173; x_wconf 80' lang='lat' dir='ltr'>poenalem</span> <span class='ocrx_word' id='word_1_193' title='bbox 1423 2103 1610 2155; x_wconf 90' lang='lat' dir='ltr'>referri</span> <span class='ocrx_word' id='word_1_194' title='bbox 1638 2104 1809 2165; x_wconf 89' lang='lat' dir='ltr'>debet,</span> <span class='ocrx_word' id='word_1_195' title='bbox 1838 2104 1959 2174; x_wconf 90' lang='lat' dir='ltr'>quia</span> <span class='ocrx_word' id='word_1_196' title='bbox 1979 2124 2124 2175; x_wconf 78' lang='lat' dir='ltr'>prce-</span> 
     </span>
     <span class='ocr_line' id='line_1_24' title="bbox 289 2184 2125 2257; baseline -0.001 -17"><span class='ocrx_word' id='word_1_197' title='bbox 289 2190 578 2257; x_wconf 78' lang='lat' dir='ltr'>ceptionem</span> <span class='ocrx_word' id='word_1_198' title='bbox 605 2186 778 2256; x_wconf 88' lang='lat' dir='ltr'>reipsa</span> <span class='ocrx_word' id='word_1_199' title='bbox 805 2185 998 2237; x_wconf 92' lang='lat' dir='ltr'>nullam</span> <span class='ocrx_word' id='word_1_200' title='bbox 1027 2185 1269 2239; x_wconf 90' lang='lat' dir='ltr'>continet.</span> <span class='ocrx_word' id='word_1_201' title='bbox 1361 2184 1417 2238; x_wconf 83' lang='lat' dir='ltr'>Si</span> <span class='ocrx_word' id='word_1_202' title='bbox 1458 2185 1610 2248; x_wconf 87' lang='lat' dir='ltr'>dicas,</span> <span class='ocrx_word' id='word_1_203' title='bbox 1637 2188 1877 2256; x_wconf 63' lang='lat' dir='ltr'>praecipi</span> <span class='ocrx_word' id='word_1_204' title='bbox 1905 2187 2125 2239; x_wconf 89' lang='lat' dir='ltr'>duarum</span> 
     </span>
     <span class='ocr_line' id='line_1_25' title="bbox 287 2262 2122 2336; baseline 0.001 -15"><span class='ocrx_word' id='word_1_205' title='bbox 287 2287 481 2333; x_wconf 90' lang='lat' dir='ltr'>rerum,</span> <span class='ocrx_word' id='word_1_206' title='bbox 511 2268 608 2321; x_wconf 88' lang='lat' dir='ltr'>etsi</span> <span class='ocrx_word' id='word_1_207' title='bbox 636 2287 739 2320; x_wconf 93' lang='lat' dir='ltr'>non</span> <span class='ocrx_word' id='word_1_208' title='bbox 768 2269 981 2336; x_wconf 83' lang='lat' dir='ltr'>definite</span> <span class='ocrx_word' id='word_1_209' title='bbox 1014 2267 1248 2329; x_wconf 90' lang='lat' dir='ltr'>alteram,</span> <span class='ocrx_word' id='word_1_210' title='bbox 1278 2269 1552 2336; x_wconf 79' lang='lat' dir='ltr'>indefinite</span> <span class='ocrx_word' id='word_1_211' title='bbox 1581 2262 1755 2321; x_wconf 89' lang='lat' dir='ltr'>tamen</span> <span class='ocrx_word' id='word_1_212' title='bbox 1783 2269 2122 2323; x_wconf 86' lang='lat' dir='ltr'>alterutram:</span> 
     </span>
     <span class='ocr_line' id='line_1_26' title="bbox 286 2350 2121 2423; baseline 0 -19"><span class='ocrx_word' id='word_1_213' title='bbox 286 2351 436 2404; x_wconf 86' lang='lat' dir='ltr'>facile</span> <span class='ocrx_word' id='word_1_214' title='bbox 477 2369 734 2423; x_wconf 87' lang='lat' dir='ltr'>regeram,</span> <span class='ocrx_word' id='word_1_215' title='bbox 777 2356 834 2402; x_wconf 87' lang='lat' dir='ltr'>at</span> <span class='ocrx_word' id='word_1_216' title='bbox 866 2351 1166 2419; x_wconf 78' lang='lat' dir='ltr'>praecipere</span> <span class='ocrx_word' id='word_1_217' title='bbox 1204 2351 1492 2417; x_wconf 83' lang='lat' dir='ltr'>indefinite,</span> <span class='ocrx_word' id='word_1_218' title='bbox 1538 2356 1592 2403; x_wconf 89' lang='lat' dir='ltr'>et</span> <span class='ocrx_word' id='word_1_219' title='bbox 1633 2351 1728 2403; x_wconf 89' lang='lat' dir='ltr'>sub</span> <span class='ocrx_word' id='word_1_220' title='bbox 1768 2350 2121 2421; x_wconf 86' lang='lat' dir='ltr'>disjunctione,</span> 
     </span>
     <span class='ocr_line' id='line_1_27' title="bbox 286 2431 2122 2505; baseline 0 -19"><span class='ocrx_word' id='word_1_221' title='bbox 286 2452 390 2486; x_wconf 92' lang='lat' dir='ltr'>non</span> <span class='ocrx_word' id='word_1_222' title='bbox 434 2433 600 2505; x_wconf 84' lang='lat' dir='ltr'>magis</span> <span class='ocrx_word' id='word_1_223' title='bbox 637 2434 933 2501; x_wconf 64' lang='lat' dir='ltr'>praecipere</span> <span class='ocrx_word' id='word_1_224' title='bbox 976 2440 1069 2493; x_wconf 92' lang='lat' dir='ltr'>est,</span> <span class='ocrx_word' id='word_1_225' title='bbox 1117 2431 1386 2501; x_wconf 89' lang='lat' dir='ltr'>(siquidem</span> <span class='ocrx_word' id='word_1_226' title='bbox 1429 2432 1641 2502; x_wconf 87' lang='lat' dir='ltr'>proprie</span> <span class='ocrx_word' id='word_1_227' title='bbox 1686 2432 1825 2502; x_wconf 92' lang='lat' dir='ltr'>loqui</span> <span class='ocrx_word' id='word_1_228' title='bbox 1868 2433 2122 2502; x_wconf 77' lang='lat' dir='ltr'>velimuS,)</span> 
     </span>
     <span class='ocr_line' id='line_1_28' title="bbox 287 2515 2120 2586; baseline 0 -18"><span class='ocrx_word' id='word_1_229' title='bbox 287 2534 442 2586; x_wconf 90' lang='lat' dir='ltr'>quam</span> <span class='ocrx_word' id='word_1_230' title='bbox 472 2518 623 2568; x_wconf 82' lang='lat' dir='ltr'>homo</span> <span class='ocrx_word' id='word_1_231' title='bbox 642 2517 831 2585; x_wconf 79' lang='lat' dir='ltr'>pictus</span> <span class='ocrx_word' id='word_1_232' title='bbox 856 2520 934 2566; x_wconf 91' lang='lat' dir='ltr'>est</span> <span class='ocrx_word' id='word_1_233' title='bbox 959 2515 1126 2566; x_wconf 80' lang='lat' dir='ltr'>homo.</span> <span class='ocrx_word' id='word_1_234' title='bbox 1206 2515 1304 2567; x_wconf 90' lang='lat' dir='ltr'>Est</span> <span class='ocrx_word' id='word_1_235' title='bbox 1331 2532 1457 2585; x_wconf 88' lang='lat' dir='ltr'>ergo</span> <span class='ocrx_word' id='word_1_236' title='bbox 1492 2516 1824 2583; x_wconf 71' lang='lat' dir='ltr'>disjunctiva</span> <span class='ocrx_word' id='word_1_237' title='bbox 1849 2515 1960 2568; x_wconf 87' lang='lat' dir='ltr'>haec</span> <span class='ocrx_word' id='word_1_238' title='bbox 1986 2518 2120 2578; x_wconf 75' lang='lat' dir='ltr'>Lex,</span> 
     </span>
     <span class='ocr_line' id='line_1_29' title="bbox 275 2595 2122 2668; baseline 0 -18"><span class='ocrx_word' id='word_1_239' title='bbox 275 2617 419 2668; x_wconf 79' lang='lat' dir='ltr'>pure</span> <span class='ocrx_word' id='word_1_240' title='bbox 449 2599 529 2667; x_wconf 92' lang='lat' dir='ltr'>(ut</span> <span class='ocrx_word' id='word_1_241' title='bbox 556 2598 683 2665; x_wconf 88' lang='lat' dir='ltr'>dixi)</span> <span class='ocrx_word' id='word_1_242' title='bbox 706 2597 944 2666; x_wconf 80' lang='lat' dir='ltr'>poenalis</span> <span class='ocrx_word' id='word_1_243' title='bbox 962 2616 978 2648; x_wconf 90' lang='lat'><em>:</em></span> <span class='ocrx_word' id='word_1_244' title='bbox 1022 2595 1161 2665; x_wconf 91' lang='lat' dir='ltr'>quod</span> <span class='ocrx_word' id='word_1_245' title='bbox 1186 2596 1358 2648; x_wconf 86' lang='lat' dir='ltr'>velex</span> <span class='ocrx_word' id='word_1_246' title='bbox 1388 2596 1574 2648; x_wconf 88' lang='lat' dir='ltr'>collata</span> <span class='ocrx_word' id='word_1_247' title='bbox 1603 2597 1871 2666; x_wconf 91' lang='lat' dir='ltr'>utriusque</span> <span class='ocrx_word' id='word_1_248' title='bbox 1901 2598 2122 2668; x_wconf 90' lang='lat' dir='ltr'>exempli</span> 
     </span>
     <span class='ocr_line' id='line_1_30' title="bbox 284 2677 2122 2750; baseline -0.001 -18"><span class='ocrx_word' id='word_1_249' title='bbox 284 2680 452 2732; x_wconf 87' lang='lat' dir='ltr'>forma</span> <span class='ocrx_word' id='word_1_250' title='bbox 496 2679 824 2732; x_wconf 88' lang='lat' dir='ltr'>manifestum</span> <span class='ocrx_word' id='word_1_251' title='bbox 876 2684 969 2730; x_wconf 87' lang='lat' dir='ltr'>est.</span> <span class='ocrx_word' id='word_1_252' title='bbox 1077 2677 1198 2730; x_wconf 83' lang='lat' dir='ltr'>Sive</span> <span class='ocrx_word' id='word_1_253' title='bbox 1242 2677 1378 2730; x_wconf 91' lang='lat' dir='ltr'>enim</span> <span class='ocrx_word' id='word_1_254' title='bbox 1428 2678 1650 2731; x_wconf 85' lang='lat' dir='ltr'>edixerit</span> <span class='ocrx_word' id='word_1_255' title='bbox 1697 2678 1991 2750; x_wconf 87' lang='lat' dir='ltr'>Legislator</span> <span class='ocrx_word' id='word_1_256' title='bbox 2036 2680 2122 2732; x_wconf 90' lang='lat' dir='ltr'>illo</span> 
     </span>
     <span class='ocr_line' id='line_1_31' title="bbox 284 2762 2117 2831; baseline 0.001 -19"><span class='ocrx_word' id='word_1_257' title='bbox 284 2763 451 2826; x_wconf 91' lang='lat' dir='ltr'>m0d0‚</span> <span class='ocrx_word' id='word_1_258' title='bbox 506 2764 613 2823; x_wconf 85' lang='lat' dir='ltr'>Qui</span> <span class='ocrx_word' id='word_1_259' title='bbox 663 2763 855 2814; x_wconf 84' lang='lat' dir='ltr'>electus</span> <span class='ocrx_word' id='word_1_260' title='bbox 889 2769 1197 2828; x_wconf 81' lang='lat' dir='ltr'>proeturam</span> <span class='ocrx_word' id='word_1_261' title='bbox 1239 2762 1569 2813; x_wconf 74' lang='lat' dir='ltr'>recusaverit</span> <span class='ocrx_word' id='word_1_262' title='bbox 1612 2771 1820 2814; x_wconf 84' lang='lat' dir='ltr'>centum</span> <span class='ocrx_word' id='word_1_263' title='bbox 1852 2764 2079 2831; x_wconf 76' lang='lat' dir='ltr'>pendito</span> <span class='ocrx_word' id='word_1_264' title='bbox 2097 2782 2117 2820; x_wconf 79' lang='lat'>,-</span> 
     </span>
     <span class='ocr_line' id='line_1_32' title="bbox 283 2843 2122 2912; baseline 0 -16"><span class='ocrx_word' id='word_1_265' title='bbox 283 2843 393 2896; x_wconf 87' lang='lat' dir='ltr'>sive</span> <span class='ocrx_word' id='word_1_266' title='bbox 435 2845 533 2896; x_wconf 87' lang='lat' dir='ltr'>hoc</span> <span class='ocrx_word' id='word_1_267' title='bbox 577 2843 759 2905; x_wconf 88' lang='lat' dir='ltr'>altere,</span> <span class='ocrx_word' id='word_1_268' title='bbox 788 2843 1013 2895; x_wconf 80' lang='lat' dir='ltr'>Electus</span> <span class='ocrx_word' id='word_1_269' title='bbox 1053 2852 1153 2894; x_wconf 83' lang='lat' dir='ltr'>aut</span> <span class='ocrx_word' id='word_1_270' title='bbox 1183 2853 1495 2911; x_wconf 79' lang='lat' dir='ltr'>proeturam</span> <span class='ocrx_word' id='word_1_271' title='bbox 1535 2845 1725 2912; x_wconf 71' lang='lat' dir='ltr'>yerito,</span> <span class='ocrx_word' id='word_1_272' title='bbox 1775 2854 1874 2896; x_wconf 84' lang='lat' dir='ltr'>aut</span> <span class='ocrx_word' id='word_1_273' title='bbox 1913 2854 2122 2897; x_wconf 86' lang='lat' dir='ltr'>centum</span> 
     </span>
     <span class='ocr_line' id='line_1_33' title="bbox 273 2924 2119 2994; baseline -0.001 -15"><span class='ocrx_word' id='word_1_274' title='bbox 273 2928 499 2994; x_wconf 79' lang='lat' dir='ltr'>pendito</span> <span class='ocrx_word' id='word_1_275' title='bbox 518 2946 535 2978; x_wconf 92' lang='lat'>.·</span> <span class='ocrx_word' id='word_1_276' title='bbox 577 2924 883 2978; x_wconf 87' lang='lat' dir='ltr'>tantundem</span> <span class='ocrx_word' id='word_1_277' title='bbox 912 2931 1005 2977; x_wconf 90' lang='lat' dir='ltr'>est.</span> <span class='ocrx_word' id='word_1_278' title='bbox 1073 2924 1366 2994; x_wconf 87' lang='lat' dir='ltr'>Utrobique</span> <span class='ocrx_word' id='word_1_279' title='bbox 1394 2943 1577 2978; x_wconf 88' lang='lat' dir='ltr'>sensus</span> <span class='ocrx_word' id='word_1_280' title='bbox 1604 2925 1762 2988; x_wconf 86' lang='lat' dir='ltr'>idem,</span> <span class='ocrx_word' id='word_1_281' title='bbox 1793 2925 1976 2977; x_wconf 90' lang='lat' dir='ltr'>eadem</span> <span class='ocrx_word' id='word_1_282' title='bbox 2004 2944 2119 2979; x_wconf 82' lang='lat' dir='ltr'>ver-</span> 
     </span>
    </p>
   </div>
   <div class='ocr_carea' id='block_1_3' title="bbox 284 3008 1025 3078">
    <p class='ocr_par' dir='ltr' id='par_1_3' title="bbox 284 3008 1025 3078">
     <span class='ocr_line' id='line_1_34' title="bbox 284 3008 1025 3078; baseline -0.001 -18"><span class='ocrx_word' id='word_1_283' title='bbox 284 3009 470 3061; x_wconf 82' lang='lat' dir='ltr'>borum</span> <span class='ocrx_word' id='word_1_284' title='bbox 497 3010 596 3072; x_wconf 83' lang='lat' dir='ltr'>vis,</span> <span class='ocrx_word' id='word_1_285' title='bbox 623 3025 721 3078; x_wconf 92' lang='lat' dir='ltr'>par</span> <span class='ocrx_word' id='word_1_286' title='bbox 749 3008 1025 3076; x_wconf 72' lang='lat' dir='ltr'>obliyatio.</span> 
     </span>
    </p>
   </div>
   <div class='ocr_carea' id='block_1_4' title="bbox 277 3196 2122 3824">
    <p class='ocr_par' dir='ltr' id='par_1_4' title="bbox 277 3196 2122 3824">
     <span class='ocr_line' id='line_1_35' title="bbox 281 3196 2122 3259; baseline 0.002 -16"><span class='ocrx_word' id='word_1_287' title='bbox 281 3196 453 3243; x_wconf 85' lang='lat' dir='ltr'>chest.”</span> <span class='ocrx_word' id='word_1_288' title='bbox 512 3197 640 3240; x_wconf 88' lang='lat' dir='ltr'>Here</span> <span class='ocrx_word' id='word_1_289' title='bbox 659 3210 722 3240; x_wconf 92' lang='lat' dir='ltr'>no</span> <span class='ocrx_word' id='word_1_290' title='bbox 744 3210 834 3240; x_wconf 91' lang='lat' dir='ltr'>one</span> <span class='ocrx_word' id='word_1_291' title='bbox 854 3198 892 3240; x_wconf 89' lang='lat' dir='ltr'>is</span> <span class='ocrx_word' id='word_1_292' title='bbox 919 3198 1229 3241; x_wconf 85' lang='lat' dir='ltr'>commanded</span> <span class='ocrx_word' id='word_1_293' title='bbox 1254 3212 1308 3242; x_wconf 93' lang='lat' dir='ltr'>or</span> <span class='ocrx_word' id='word_1_294' title='bbox 1326 3199 1578 3243; x_wconf 87' lang='lat' dir='ltr'>forbidden</span> <span class='ocrx_word' id='word_1_295' title='bbox 1608 3203 1659 3244; x_wconf 90' lang='lat' dir='ltr'>to</span> <span class='ocrx_word' id='word_1_296' title='bbox 1691 3200 1751 3244; x_wconf 91' lang='lat' dir='ltr'>do</span> <span class='ocrx_word' id='word_1_297' title='bbox 1773 3201 2013 3259; x_wconf 86' lang='lat' dir='ltr'>anything.</span> <span class='ocrx_word' id='word_1_298' title='bbox 2077 3202 2122 3248; x_wconf 87' lang='lat' dir='ltr'>A</span> 
     </span>
     <span class='ocr_line' id='line_1_36' title="bbox 279 3267 2121 3328; baseline 0.003 -15"><span class='ocrx_word' id='word_1_299' title='bbox 279 3268 484 3325; x_wconf 85' lang='lat' dir='ltr'>mixedly</span> <span class='ocrx_word' id='word_1_300' title='bbox 501 3267 651 3310; x_wconf 89' lang='lat' dir='ltr'>Penal</span> <span class='ocrx_word' id='word_1_301' title='bbox 674 3267 785 3310; x_wconf 86' lang='lat' dir='ltr'>Law</span> <span class='ocrx_word' id='word_1_302' title='bbox 803 3268 843 3311; x_wconf 89' lang='lat' dir='ltr'>is</span> <span class='ocrx_word' id='word_1_303' title='bbox 873 3267 1007 3311; x_wconf 85' lang='lat' dir='ltr'>when</span> <span class='ocrx_word' id='word_1_304' title='bbox 1027 3268 1163 3312; x_wconf 89' lang='lat' dir='ltr'>there</span> <span class='ocrx_word' id='word_1_305' title='bbox 1187 3269 1225 3312; x_wconf 90' lang='lat' dir='ltr'>is</span> <span class='ocrx_word' id='word_1_306' title='bbox 1251 3283 1280 3312; x_wconf 90' lang='lat' dir='ltr'>a</span> <span class='ocrx_word' id='word_1_307' title='bbox 1300 3271 1548 3313; x_wconf 88' lang='lat' dir='ltr'>command</span> <span class='ocrx_word' id='word_1_308' title='bbox 1573 3284 1627 3314; x_wconf 90' lang='lat' dir='ltr'>or</span> <span class='ocrx_word' id='word_1_309' title='bbox 1651 3271 1952 3328; x_wconf 87' lang='lat' dir='ltr'>prohibition,</span> <span class='ocrx_word' id='word_1_310' title='bbox 1978 3274 2070 3317; x_wconf 91' lang='lat' dir='ltr'>and</span> <span class='ocrx_word' id='word_1_311' title='bbox 2092 3289 2121 3318; x_wconf 89' lang='lat' dir='ltr'>a</span> 
     </span>
     <span class='ocr_line' id='line_1_37' title="bbox 278 3338 2121 3400; baseline 0.002 -17"><span class='ocrx_word' id='word_1_312' title='bbox 278 3339 470 3398; x_wconf 84' lang='lat' dir='ltr'>penalty</span> <span class='ocrx_word' id='word_1_313' title='bbox 495 3338 571 3382; x_wconf 88' lang='lat' dir='ltr'>for</span> <span class='ocrx_word' id='word_1_314' title='bbox 602 3338 958 3394; x_wconf 84' lang='lat' dir='ltr'>transgression.</span> <span class='ocrx_word' id='word_1_315' title='bbox 1037 3339 1132 3382; x_wconf 85' lang='lat' dir='ltr'>For</span> <span class='ocrx_word' id='word_1_316' title='bbox 1163 3340 1376 3397; x_wconf 86' lang='lat' dir='ltr'>example</span> <span class='ocrx_word' id='word_1_317' title='bbox 1392 3356 1405 3393; x_wconf 84' lang='lat'><em>3</em></span> <span class='ocrx_word' id='word_1_318' title='bbox 1451 3341 1478 3362; x_wconf 76' lang='lat'>‘⁴</span> <span class='ocrx_word' id='word_1_319' title='bbox 1490 3341 1539 3384; x_wconf 90' lang='lat' dir='ltr'>N</span> <span class='ocrx_word' id='word_1_320' title='bbox 1540 3354 1567 3384; x_wconf 91' lang='grc' dir='ltr'>ο</span> <span class='ocrx_word' id='word_1_321' title='bbox 1599 3355 1689 3385; x_wconf 92' lang='lat' dir='ltr'>one</span> <span class='ocrx_word' id='word_1_322' title='bbox 1720 3342 1840 3385; x_wconf 88' lang='lat' dir='ltr'>shall</span> <span class='ocrx_word' id='word_1_323' title='bbox 1869 3348 2035 3400; x_wconf 90' lang='lat' dir='ltr'>export</span> <span class='ocrx_word' id='word_1_324' title='bbox 2066 3358 2121 3388; x_wconf 89' lang='lat' dir='ltr'>or</span> 
     </span>
     <span class='ocr_line' id='line_1_38' title="bbox 279 3408 2121 3473; baseline 0.002 -19"><span class='ocrx_word' id='word_1_325' title='bbox 279 3412 454 3467; x_wconf 84' lang='lat' dir='ltr'>import</span> <span class='ocrx_word' id='word_1_326' title='bbox 489 3408 810 3453; x_wconf 88' lang='lat' dir='ltr'>commodities</span> <span class='ocrx_word' id='word_1_327' title='bbox 845 3409 1042 3453; x_wconf 87' lang='lat' dir='ltr'>without</span> <span class='ocrx_word' id='word_1_328' title='bbox 1078 3410 1251 3466; x_wconf 86' lang='lat' dir='ltr'>paying</span> <span class='ocrx_word' id='word_1_329' title='bbox 1286 3411 1368 3455; x_wconf 88' lang='lat' dir='ltr'>the</span> <span class='ocrx_word' id='word_1_330' title='bbox 1411 3411 1761 3456; x_wconf 88' lang='lat' dir='ltr'>custom-house</span> <span class='ocrx_word' id='word_1_331' title='bbox 1806 3413 1984 3458; x_wconf 88' lang='lat' dir='ltr'>duties:</span> <span class='ocrx_word' id='word_1_332' title='bbox 2027 3429 2121 3473; x_wconf 88' lang='lat' dir='ltr'>any</span> 
     </span>
     <span class='ocr_line' id='line_1_39' title="bbox 280 3479 2119 3537; baseline 0.002 -11"><span class='ocrx_word' id='word_1_333' title='bbox 280 3480 491 3526; x_wconf 86' lang='lat' dir='ltr'>offender</span> <span class='ocrx_word' id='word_1_334' title='bbox 520 3479 638 3523; x_wconf 88' lang='lat' dir='ltr'>shall</span> <span class='ocrx_word' id='word_1_335' title='bbox 676 3479 837 3523; x_wconf 85' lang='lat' dir='ltr'>forfeit</span> <span class='ocrx_word' id='word_1_336' title='bbox 873 3479 955 3523; x_wconf 84' lang='lat' dir='ltr'>the</span> <span class='ocrx_word' id='word_1_337' title='bbox 987 3481 1350 3525; x_wconf 87' lang='lat' dir='ltr'>commodities.”</span> <span class='ocrx_word' id='word_1_338' title='bbox 1412 3482 1523 3526; x_wconf 87' lang='lat' dir='ltr'>This</span> <span class='ocrx_word' id='word_1_339' title='bbox 1561 3483 1600 3526; x_wconf 90' lang='lat' dir='ltr'>is</span> <span class='ocrx_word' id='word_1_340' title='bbox 1636 3497 1665 3526; x_wconf 90' lang='lat' dir='ltr'>a</span> <span class='ocrx_word' id='word_1_341' title='bbox 1703 3484 1853 3527; x_wconf 91' lang='lat' dir='ltr'>Penal</span> <span class='ocrx_word' id='word_1_342' title='bbox 1882 3485 2007 3537; x_wconf 87' lang='lat' dir='ltr'>Law,</span> <span class='ocrx_word' id='word_1_343' title='bbox 2035 3485 2119 3530; x_wconf 65' lang='lat' dir='ltr'>be-&#39;</span> 
     </span>
     <span class='ocr_line' id='line_1_40' title="bbox 280 3550 2118 3609; baseline 0.002 -13"><span class='ocrx_word' id='word_1_344' title='bbox 280 3566 417 3596; x_wconf 87' lang='lat' dir='ltr'>cause</span> <span class='ocrx_word' id='word_1_345' title='bbox 459 3551 593 3594; x_wconf 89' lang='lat' dir='ltr'>there</span> <span class='ocrx_word' id='word_1_346' title='bbox 620 3550 658 3593; x_wconf 88' lang='lat' dir='ltr'>is</span> <span class='ocrx_word' id='word_1_347' title='bbox 689 3564 717 3593; x_wconf 90' lang='lat' dir='ltr'>a</span> <span class='ocrx_word' id='word_1_348' title='bbox 747 3551 965 3608; x_wconf 85' lang='lat' dir='ltr'>penalty3</span> <span class='ocrx_word' id='word_1_349' title='bbox 1000 3551 1087 3594; x_wconf 93' lang='lat' dir='ltr'>but</span> <span class='ocrx_word' id='word_1_350' title='bbox 1119 3552 1322 3609; x_wconf 91' lang='lat' dir='ltr'>mixedly</span> <span class='ocrx_word' id='word_1_351' title='bbox 1355 3553 1518 3605; x_wconf 89' lang='lat' dir='ltr'>Penal,</span> <span class='ocrx_word' id='word_1_352' title='bbox 1549 3553 1748 3597; x_wconf 85' lang='lat' dir='ltr'>because</span> <span class='ocrx_word' id='word_1_353' title='bbox 1778 3555 1816 3598; x_wconf 88' lang='lat' dir='ltr'>it</span> <span class='ocrx_word' id='word_1_354' title='bbox 1847 3557 2118 3601; x_wconf 87' lang='lat' dir='ltr'>commands</span> 
     </span>
     <span class='ocr_line' id='line_1_41' title="bbox 277 3621 2117 3682; baseline 0.003 -16"><span class='ocrx_word' id='word_1_355' title='bbox 277 3626 501 3682; x_wconf 86' lang='lat' dir='ltr'>payment</span> <span class='ocrx_word' id='word_1_356' title='bbox 527 3621 580 3666; x_wconf 87' lang='lat' dir='ltr'>of</span> <span class='ocrx_word' id='word_1_357' title='bbox 603 3626 820 3673; x_wconf 86' lang='lat' dir='ltr'>customs‚</span> <span class='ocrx_word' id='word_1_358' title='bbox 847 3622 940 3664; x_wconf 90' lang='lat' dir='ltr'>and</span> <span class='ocrx_word' id='word_1_359' title='bbox 964 3622 1142 3666; x_wconf 88' lang='lat' dir='ltr'>forbids</span> <span class='ocrx_word' id='word_1_360' title='bbox 1178 3623 1353 3680; x_wconf 88' lang='lat' dir='ltr'>import</span> <span class='ocrx_word' id='word_1_361' title='bbox 1378 3637 1432 3667; x_wconf 89' lang='lat' dir='ltr'>or</span> <span class='ocrx_word' id='word_1_362' title='bbox 1456 3629 1621 3682; x_wconf 86' lang='lat' dir='ltr'>export</span> <span class='ocrx_word' id='word_1_363' title='bbox 1653 3625 1911 3669; x_wconf 86' lang='lat' dir='ltr'>otherwise.</span> <span class='ocrx_word' id='word_1_364' title='bbox 1975 3628 2117 3671; x_wconf 87' lang='lat' dir='ltr'>Some</span> 
     </span>
     <span class='ocr_line' id='line_1_42' title="bbox 278 3692 2117 3755; baseline 0.003 -17"><span class='ocrx_word' id='word_1_365' title='bbox 278 3695 417 3738; x_wconf 89' lang='lat' dir='ltr'>make</span> <span class='ocrx_word' id='word_1_366' title='bbox 442 3708 471 3737; x_wconf 90' lang='lat' dir='ltr'>a</span> <span class='ocrx_word' id='word_1_367' title='bbox 489 3693 617 3737; x_wconf 87' lang='lat' dir='ltr'>third</span> <span class='ocrx_word' id='word_1_368' title='bbox 647 3692 777 3744; x_wconf 88' lang='lat' dir='ltr'>class,</span> <span class='ocrx_word' id='word_1_369' title='bbox 801 3692 936 3737; x_wconf 89' lang='lat' dir='ltr'>when</span> <span class='ocrx_word' id='word_1_370' title='bbox 961 3692 1043 3737; x_wconf 90' lang='lat' dir='ltr'>the</span> <span class='ocrx_word' id='word_1_371' title='bbox 1074 3695 1321 3739; x_wconf 86' lang='lat' dir='ltr'>command</span> <span class='ocrx_word' id='word_1_372' title='bbox 1345 3695 1440 3739; x_wconf 89' lang='lat' dir='ltr'>and</span> <span class='ocrx_word' id='word_1_373' title='bbox 1463 3696 1657 3755; x_wconf 85' lang='lat' dir='ltr'>penalty</span> <span class='ocrx_word' id='word_1_374' title='bbox 1686 3710 1767 3741; x_wconf 87' lang='lat' dir='ltr'>are</span> <span class='ocrx_word' id='word_1_375' title='bbox 1792 3697 2117 3752; x_wconf 83' lang='lat' dir='ltr'>alternatives3</span> 
     </span>
     <span class='ocr_line' id='line_1_43' title="bbox 278 3764 1189 3824; baseline 0 -13"><span class='ocrx_word' id='word_1_376' title='bbox 278 3767 366 3811; x_wconf 89' lang='lat' dir='ltr'>but</span> <span class='ocrx_word' id='word_1_377' title='bbox 389 3766 482 3811; x_wconf 87' lang='lat' dir='ltr'>this</span> <span class='ocrx_word' id='word_1_378' title='bbox 501 3765 648 3824; x_wconf 86' lang='lat' dir='ltr'>really</span> <span class='ocrx_word' id='word_1_379' title='bbox 673 3777 826 3809; x_wconf 83' lang='lat' dir='ltr'>comes</span> <span class='ocrx_word' id='word_1_380' title='bbox 846 3765 945 3809; x_wconf 88' lang='lat' dir='ltr'>into</span> <span class='ocrx_word' id='word_1_381' title='bbox 970 3764 1052 3809; x_wconf 91' lang='lat' dir='ltr'>the</span> <span class='ocrx_word' id='word_1_382' title='bbox 1076 3765 1189 3811; x_wconf 82' lang='lat' dir='ltr'>first.</span> 
     </span>
    </p>
   </div>
  </div>
 </body>
</html>
