2482 4166
350 291 453 342 256
961 302 1047 345 DE
1088 302 1255 347 LEGE
1296 301 1570 348 POENALI.

348 425 476 479 nihil
501 425 749 499 praecipit,
778 446 881 480 non
912 428 1076 500 magis
1101 448 1164 483 esc
1192 449 1245 483 se
1274 432 1495 500 obliyat‚
1529 447 1683 500 quam
1712 428 1860 483 amici
1880 432 2179 495 consilium,

348 516 441 562 aut
466 509 562 562 viri
591 510 765 582 gravis
795 513 1124 564 adhortatio.
1195 513 1272 565 Ut
1301 512 1435 564 enim
1462 512 1548 582 qui
1578 512 1669 564 dat
1696 512 1846 565 alteri
1881 515 2179 574 consilium,

348 599 439 644 aut
468 610 583 645 eum
611 595 864 646 hortatur
892 600 950 646 ut
978 594 1075 646 hoc
1104 593 1185 647 vel
1213 593 1340 646 illud
1367 593 1537 658 faciat,
1580 596 1827 647 declarat
1861 594 1984 664 quid
2021 595 2087 647 ab
2120 612 2181 646 eo

348 673 522 744 cupiat
563 675 690 737 fieri,
721 693 825 727 non
866 681 1040 728 tamen
1066 693 1182 727 eum
1220 682 1279 727 ut
1303 675 1358 727 id
1386 674 1541 727 faciat
1568 677 1788 744 obliyat,
1819 676 1910 728 sed
1938 694 2032 728 nec
2057 675 2182 728 obli-

348 774 475 826 gare
504 756 760 810 intendit:
800 757 940 809 haud
968 756 1118 808 aliter
1145 758 1458 824 Leyislator
1486 773 1548 808 ea
1584 756 1717 827 lege,
1760 774 1863 826 qua
1895 757 2022 809 nihil
2062 758 2182 811 sub-

350 838 457 890 dito
492 840 770 908 praecipit,
811 838 902 890 sed
946 844 1149 890 tantum
1185 837 1408 890 ostendit
1442 836 1566 906 quid
1599 837 1666 889 ab
1693 855 1754 889 eo
1783 838 1877 890 sub
1906 839 2181 907 propositae

339 939 512 989 poenoe
560 919 849 972 conditione
893 918 1005 971 fieri
1053 918 1194 980 velit,
1242 917 1631 988 praesumendus
1674 924 1752 971 est
1796 937 1900 971 non
1942 919 2182 973 habuisse

350 1001 666 1054 voluntatem
685 1019 801 1052 eum
816 999 1031 1052 ulterius
1053 1002 1336 1068 obliyandi
1358 1018 1510 1070 quam
1533 1000 1600 1052 ad
1623 1000 1936 1070 propositam
1946 1021 2179 1070 poenam.

352 1083 486 1145 Quia
527 1083 571 1135 si
603 1082 938 1134 intentionem
967 1081 1232 1135 habuisset
1261 1082 1523 1154 obligandi
1552 1089 1607 1135 et
1635 1085 1712 1135 ad
1741 1085 1973 1152 culpam,
2004 1083 2180 1136 facilli-

349 1182 488 1216 mum
518 1163 565 1216 ei
592 1163 787 1225 fuisset,
817 1163 996 1216 addita
1024 1164 1278 1217 duntaxat
1298 1166 1657 1234 praeceptione
1686 1182 1830 1217 suam
1850 1164 1990 1217 illam
2018 1165 2182 1218 inten-

348 1246 539 1299 tionem
568 1245 870 1317 significare.
959 1247 1103 1317 Ergo
1133 1264 1246 1298 cum
1275 1264 1369 1298 nec
1398 1246 1614 1316 simplex
1643 1253 1696 1299 et
1723 1249 1873 1299 mida
1907 1250 2183 1301 ordinatio

350 1346 415 1380 ex
443 1346 498 1381 se
528 1327 721 1399 obliget
750 1330 827 1380 ad
870 1330 1102 1398 culpam,
1133 1347 1228 1381 nec
1256 1328 1416 1398 possit
1444 1327 1639 1381 additio
1669 1348 1843 1398 poenae
1874 1331 2184 1399 temporalis

349 1428 415 1462 ex
441 1428 496 1462 se
528 1409 760 1481 obligare
788 1409 885 1462 nisi
914 1412 992 1462 ad
1007 1429 1229 1480 poenam
1260 1412 1602 1479 temporalem
1630 1410 1978 1474 subeundam;
2024 1411 2184 1464 mani-

349 1492 537 1544 festum
567 1499 645 1544 est
673 1494 869 1561 Leyem
887 1511 1029 1562 pure
1048 1494 1332 1561 poenalem,
1378 1509 1493 1562 quae
1521 1499 1715 1562 praeter
1754 1492 1853 1545 ista
1895 1493 1996 1545 duo
2042 1494 2183 1561 (sim-

350 1574 533 1644 plicem
571 1573 681 1626 dico
730 1576 1145 1636 ordinationem,
1188 1581 1242 1628 et
1279 1574 1533 1644 adjectam
1553 1594 1774 1644 poenam
1802 1577 2182 1645 temporalem,)

350 1655 479 1707 nihil
522 1655 575 1706 in
621 1673 676 1707 se
721 1656 961 1718 continet,
1010 1674 1228 1725 quorum
1275 1663 1516 1709 neutrum
1562 1663 1641 1709 est
1688 1658 2071 1726 obliyatorium
2108 1660 2185 1711 ad

351 1739 583 1806 culpam,
620 1755 724 1789 non
766 1755 913 1807 posse
953 1755 1018 1789 ex
1065 1756 1120 1790 se
1157 1741 1234 1790 ad
1259 1740 1491 1807 culpam,
1523 1738 1615 1790 sed
1644 1741 1721 1790 ad
1738 1758 1958 1807 paenam
1983 1745 2183 1792 tantum

352 1819 597 1890 obligare.
684 1820 754 1871 Et
784 1826 862 1871 est
890 1818 1052 1871 simile
1083 1819 1148 1872 de
1173 1821 1411 1888 Leyibus
1441 1837 1567 1889 quas
1598 1827 1783 1872 vocant
1816 1823 2184 1873 conventiona-

354 1902 493 1953 libus
518 1921 533 1952 :
574 1918 674 1970 quo
706 1900 938 1970 exemplo
960 1900 1201 1953 libentius
1228 1908 1363 1963 utor,
1391 1902 1529 1970 quod
1559 1900 1928 1954 conclusionem
1953 1909 2184 1955 nostram

351 2000 455 2034 non
484 1981 749 2034 confirmet
776 1982 945 2043 mod0,
975 1982 1066 2036 sed
1095 1989 1148 2035 et
1176 1983 1387 2054 egregie
1421 1982 1658 2036 illustret.
1740 1983 1837 2036 Cui
1869 1984 2023 2036 etiam
2062 1985 2185 2037 addi

351 2064 510 2134 possit
540 2066 840 2117 Tea-tatoris
876 2065 1134 2117 Voluntas
1148 2084 1167 2125 ;
1199 2071 1250 2117 et
1279 2064 1380 2117 alia
1396 2064 1655 2126 nonnulla,
1680 2083 1896 2135 quorum
1925 2073 2003 2118 est
2026 2067 2184 2136 (quod

351 2146 419 2198 ad
458 2148 740 2215 obliyandi
789 2148 899 2199 vim
944 2145 1125 2199 saltem
1181 2146 1391 2212 attinet)
1450 2146 1585 2199 ratio
1636 2147 1839 2199 omnino
1898 2147 2182 2200 consimilis.

355 2228 544 2280 Incolae
588 2227 801 2297 alicujus
839 2227 990 2290 villae,
1019 2228 1107 2298 qui
1143 2230 1405 2282 condendi
1435 2230 1570 2297 leyes
1597 2228 1804 2299 proprie
1833 2229 1996 2281 dictas
2017 2237 2186 2299 potes-

352 2316 461 2362 tate
490 2316 682 2372 carent,
714 2310 768 2362 in
797 2313 956 2363 curia
980 2312 1188 2363 domini
1215 2313 1449 2364 manerii
1476 2310 1567 2378 (sic
1605 2310 1740 2363 enim
1779 2329 1844 2363 ex
1873 2329 1968 2363 usu
1994 2311 2186 2364 forensi

352 2391 662 2460 loquendum
707 2391 809 2457 est)
856 2399 947 2445 aut
985 2392 1111 2444 alias
1153 2403 1309 2445 extra
1338 2394 1567 2453 curiam,
1605 2392 1670 2444 de
1698 2393 1854 2445 rebus
1882 2392 2185 2462 quibusdam

352 2473 420 2526 ad
449 2491 628 2544 pacem
657 2480 711 2526 et
731 2473 987 2544 justitiam
1015 2473 1152 2526 inter
1186 2474 1376 2527 vicinos
1422 2474 1823 2527 conservandam
1861 2474 2185 2527 conducenti-

355 2664 429 2708 for
453 2665 534 2709 the
556 2666 678 2722 good
702 2670 1029 2724 management
1054 2665 1108 2709 of
1128 2680 1157 2709 a
1176 2665 1575 2723 neighbourhood.
1636 2666 1693 2718 If,
1717 2666 1794 2710 for
1817 2666 2039 2719 instance,
2064 2667 2102 2710 it
2125 2666 2186 2711 be

356 2736 490 2779 there
511 2737 681 2792 agreed
703 2737 804 2780 that
825 2751 963 2794 every
993 2736 1305 2780 householder
1335 2737 1452 2780 shall
1482 2738 1530 2779 in
1561 2737 1643 2781 the
1674 2737 1837 2781 month
1862 2737 1916 2781 of
1934 2738 2058 2794 May,
2083 2738 2186 2795 give

356 2806 490 2849 three
511 2806 636 2863 days'
649 2807 814 2850 labour
831 2812 880 2850 to
902 2807 1123 2863 mending
1136 2806 1218 2850 the
1238 2807 1401 2859 roads3
1431 2807 1524 2849 and
1543 2807 1585 2849 if
1604 2808 1664 2851 he
1679 2808 1776 2859 fail,
1796 2808 1856 2851 be
1871 2808 1998 2852 fined
2013 2813 2187 2865 twenty

357 2890 504 2934 pence
529 2876 603 2920 for
627 2878 742 2921 each
774 2878 878 2935 day,
917 2877 1020 2934 (the
1044 2878 1171 2934 price
1204 2877 1258 2920 of
1277 2891 1305 2920 a
1335 2877 1461 2934 day’s
1481 2877 1647 2920 labour
1665 2878 1806 2934 being
1837 2882 2065 2935 tenpenee
2082 2873 2117 2930 3)
2147 2878 2186 2921 it

356 2948 395 2990 is
420 2948 548 3004 plain
567 2947 670 2991 that
692 2948 772 2992 the
792 2962 983 3005 persons
1009 2961 1059 2992 so
1076 2949 1366 3004 eontracting
1385 2948 1609 2992 intended
1628 2948 1732 2991 that
1752 2948 1833 2991 the
1852 2947 2185 2991 householders

357 3018 526 3062 should
557 3019 660 3075 give
692 3019 814 3063 their
844 3019 1021 3069 labour,
1053 3019 1127 3062 for
1151 3018 1193 3061 if
1212 3023 1309 3070 not,
1339 3018 1451 3076 they
1484 3019 1636 3062 would
1661 3023 1744 3062 not
1780 3018 1897 3062 have
1935 3019 2072 3062 made
2104 3018 2186 3062 the

357 3089 450 3132 fine
473 3089 643 3134 double
668 3090 750 3134 the
773 3090 908 3134 value
929 3090 983 3134 of
1007 3090 1088 3133 the
1108 3090 1300 3133 labour:
1334 3089 1420 3133 but
1448 3090 1485 3133 it
1508 3090 1546 3133 is
1572 3090 1668 3133 also
1689 3090 1817 3146 plain
1842 3088 1946 3132 that
1969 3089 2082 3146 they
2106 3089 2187 3131 did

357 3164 441 3203 not
465 3160 629 3204 intend
649 3165 698 3205 to
723 3162 839 3205 bind
865 3161 980 3205 each
1000 3161 1136 3204 other
1160 3164 1327 3218 except
1347 3165 1396 3203 to
1417 3160 1499 3204 the
1529 3165 1689 3204 extent
1710 3160 1764 3204 of
1787 3159 1869 3203 the
1889 3160 1996 3212 fine,
2025 3160 2067 3202 if
2097 3173 2187 3217 any

358 3244 447 3274 one
469 3233 607 3275 could
627 3237 710 3276 not
732 3246 785 3276 or
804 3233 959 3276 would
979 3236 1063 3275 not
1086 3232 1190 3289 give
1213 3231 1286 3275 his
1311 3231 1488 3275 labour.

451 3302 513 3345 So
539 3303 582 3345 if
596 3304 645 3346 in
666 3318 693 3347 a
717 3307 984 3355 testament,
1009 3303 1106 3361 (for
1126 3317 1155 3346 a
1174 3307 1426 3346 testament
1446 3304 1483 3346 is
1504 3316 1532 3345 a
1552 3301 1667 3345 kind
1693 3301 1748 3346 of
1762 3303 1886 3354 Law,
1898 3301 2092 3359 binding
2106 3300 2188 3345 the

358 3378 579 3417 executor
609 3375 702 3417 and
732 3374 813 3418 the
844 3369 1084 3431 legatees‚)
1124 3388 1191 3417 we
1222 3373 1340 3417 have
1371 3373 1550 3417 “Caius
1582 3373 1797 3430 appoints
1829 3372 1933 3416 that
1962 3373 2087 3424 Gaia,
2116 3372 2188 3415 his

358 3444 476 3496 wife,
503 3459 552 3488 as
573 3445 683 3502 long
709 3459 757 3488 as
783 3445 866 3489 she
890 3446 1091 3489 remains
1116 3444 1398 3496 unmarried‚
1418 3444 1536 3488 shall
1559 3444 1679 3500 keep
1699 3457 1727 3486 a
1748 3444 1924 3487 certain
1943 3447 2188 3500 property;

357 3513 444 3557 but
469 3517 510 3559 if
529 3516 611 3559 she
630 3516 822 3559 marries
847 3517 998 3573 again,
1025 3516 1144 3560 shall
1168 3515 1329 3559 forfeit
1353 3515 1445 3567 it;'’
1469 3516 1507 3557 it
1525 3516 1563 3558 is
1583 3514 1711 3571 plain
1735 3514 1838 3557 that
1859 3514 1996 3557 Caius
2016 3513 2189 3557 wished

358 3583 429 3627 his
454 3586 559 3630 wife
585 3591 669 3630 not
689 3591 738 3630 to
759 3601 915 3644 marry
940 3587 1076 3644 again
1090 3602 1102 3638 ;
1132 3586 1208 3629 for
1232 3586 1336 3629 that
1361 3599 1451 3629 was
1473 3585 1553 3629 the
1579 3585 1732 3640 obJect
1753 3584 1807 3627 of
1827 3584 1908 3628 the
1928 3584 2185 3628 condition:

358 3653 444 3698 but
467 3657 528 3701 he
553 3658 663 3701 does
688 3662 786 3707 not,
808 3672 895 3701 nor
920 3671 1020 3709 can,
1045 3657 1207 3700 intend
1232 3661 1281 3700 to
1298 3656 1412 3700 bind
1431 3656 1517 3700 her
1535 3660 1585 3699 to
1611 3655 1792 3699 abstain
1812 3654 1934 3699 from
1954 3654 2189 3713 marrying

361 3726 510 3770 under
529 3727 662 3780 fault,
681 3741 732 3772 so
758 3728 862 3773 that
881 3728 923 3771 if
942 3728 1024 3773 she
1049 3742 1205 3787 marry
1229 3728 1365 3786 again
1386 3727 1468 3773 she
1493 3727 1531 3772 is
1552 3725 1779 3783 culpable.
