<?xml version="1.0" encoding="UTF-8"?>
<!DOCTYPE html PUBLIC "-//W3C//DTD XHTML 1.0 Transitional//EN"
    "http://www.w3.org/TR/xhtml1/DTD/xhtml1-transitional.dtd">
<html xmlns="http://www.w3.org/1999/xhtml" xml:lang="en" lang="en">
 <head>
  <title>
</title>
<meta http-equiv="Content-Type" content="text/html;charset=utf-8" />
  <meta name='ocr-system' content='tesseract 3.04.00' />
  <meta name='ocr-capabilities' content='ocr_page ocr_carea ocr_par ocr_line ocrx_word'/>
</head>
<body>
  <div class='ocr_page' id='page_1' title='image "./deobligationecon00sanduoft_0200.png"; bbox 0 0 2482 4166; ppageno 0'>
   <div class='ocr_carea' id='block_1_1' title="bbox 409 258 1896 315">
    <p class='ocr_par' dir='ltr' id='par_1_1' title="bbox 409 258 1896 315">
     <span class='ocr_line' id='line_1_1' title="bbox 409 258 1896 315; baseline 0.001 -5"><span class='ocrx_word' id='word_1_1' title='bbox 409 258 513 315; x_wconf 89' lang='grc'>176</span> <span class='ocrx_word' id='word_1_2' title='bbox 740 267 826 310; x_wconf 83' lang='lat' dir='ltr'>DE</span> <span class='ocrx_word' id='word_1_3' title='bbox 867 267 1093 312; x_wconf 76' lang='lat' dir='ltr'><strong>LEGUM</strong></span> <span class='ocrx_word' id='word_1_4' title='bbox 1132 266 1553 312; x_wconf 80' lang='lat' dir='ltr'><strong>HUMANARUM</strong></span> <span class='ocrx_word' id='word_1_5' title='bbox 1593 265 1896 311; x_wconf 79' lang='lat' dir='ltr'><strong>MATERIA.</strong></span> 
     </span>
    </p>
   </div>
   <div class='ocr_carea' id='block_1_2' title="bbox 407 393 2292 3336">
    <p class='ocr_par' dir='ltr' id='par_1_2' title="bbox 407 393 2288 2825">
     <span class='ocr_line' id='line_1_2' title="bbox 409 393 2233 465; baseline -0.002 -17"><span class='ocrx_word' id='word_1_6' title='bbox 409 394 586 449; x_wconf 86' lang='lat' dir='ltr'>videre</span> <span class='ocrx_word' id='word_1_7' title='bbox 630 394 748 447; x_wconf 90' lang='lat' dir='ltr'>huic</span> <span class='ocrx_word' id='word_1_8' title='bbox 797 395 929 448; x_wconf 89' lang='lat' dir='ltr'>malo</span> <span class='ocrx_word' id='word_1_9' title='bbox 971 395 1177 465; x_wconf 86' lang='lat' dir='ltr'>aliquod</span> <span class='ocrx_word' id='word_1_10' title='bbox 1223 393 1519 447; x_wconf 88' lang='lat' dir='ltr'>remedium.</span> <span class='ocrx_word' id='word_1_11' title='bbox 1607 395 1671 447; x_wconf 95' lang='lat' dir='ltr'>Id</span> <span class='ocrx_word' id='word_1_12' title='bbox 1725 394 1767 447; x_wconf 89' lang='lat' dir='ltr'>si</span> <span class='ocrx_word' id='word_1_13' title='bbox 1812 412 1915 446; x_wconf 90' lang='lat' dir='ltr'>non</span> <span class='ocrx_word' id='word_1_14' title='bbox 1957 393 2117 465; x_wconf 80' lang='lat' dir='ltr'>possit</span> <span class='ocrx_word' id='word_1_15' title='bbox 2159 393 2233 446; x_wconf 90' lang='lat' dir='ltr'>ita</span> 
     </span>
     <span class='ocr_line' id='line_1_3' title="bbox 408 476 2230 547; baseline -0.002 -16"><span class='ocrx_word' id='word_1_16' title='bbox 408 477 670 531; x_wconf 91' lang='lat' dir='ltr'>commode</span> <span class='ocrx_word' id='word_1_17' title='bbox 700 476 810 529; x_wconf 91' lang='lat' dir='ltr'>fieri</span> <span class='ocrx_word' id='word_1_18' title='bbox 847 478 901 529; x_wconf 90' lang='lat' dir='ltr'>in</span> <span class='ocrx_word' id='word_1_19' title='bbox 939 477 1049 547; x_wconf 91' lang='lat' dir='ltr'>ipsa</span> <span class='ocrx_word' id='word_1_20' title='bbox 1083 479 1249 546; x_wconf 69' lang='lat' dir='ltr'>Leyis</span> <span class='ocrx_word' id='word_1_21' title='bbox 1275 478 1544 546; x_wconf 80' lang='lat' dir='ltr'>formula,</span> <span class='ocrx_word' id='word_1_22' title='bbox 1593 478 1679 545; x_wconf 86' lang='lat' dir='ltr'>(ne</span> <span class='ocrx_word' id='word_1_23' title='bbox 1722 476 1882 529; x_wconf 86' lang='lat' dir='ltr'>vafris</span> <span class='ocrx_word' id='word_1_24' title='bbox 1924 476 2230 537; x_wconf 78' lang='lat' dir='ltr'>hominibUS‚</span> 
     </span>
     <span class='ocr_line' id='line_1_4' title="bbox 407 558 2232 630; baseline -0.001 -18"><span class='ocrx_word' id='word_1_25' title='bbox 407 560 461 613; x_wconf 93' lang='lat' dir='ltr'>in</span> <span class='ocrx_word' id='word_1_26' title='bbox 505 559 752 630; x_wconf 88' lang='lat' dir='ltr'>ejusmodi</span> <span class='ocrx_word' id='word_1_27' title='bbox 794 559 1077 612; x_wconf 82' lang='lat' dir='ltr'>occasiones</span> <span class='ocrx_word' id='word_1_28' title='bbox 1119 560 1233 630; x_wconf 90' lang='lat' dir='ltr'>plus</span> <span class='ocrx_word' id='word_1_29' title='bbox 1257 559 1380 611; x_wconf 86' lang='lat' dir='ltr'>satis</span> <span class='ocrx_word' id='word_1_30' title='bbox 1408 559 1632 620; x_wconf 77' lang='lat' dir='ltr'>attentiS‚</span> <span class='ocrx_word' id='word_1_31' title='bbox 1661 558 1925 628; x_wconf 86' lang='lat' dir='ltr'>aperiatur</span> <span class='ocrx_word' id='word_1_32' title='bbox 1953 559 2051 611; x_wconf 88' lang='lat' dir='ltr'>isto</span> <span class='ocrx_word' id='word_1_33' title='bbox 2081 565 2232 628; x_wconf 89' lang='lat' dir='ltr'>pacto</span> 
     </span>
     <span class='ocr_line' id='line_1_5' title="bbox 407 640 2231 712; baseline -0.003 -17"><span class='ocrx_word' id='word_1_34' title='bbox 407 642 593 695; x_wconf 89' lang='lat' dir='ltr'>rimula</span> <span class='ocrx_word' id='word_1_35' title='bbox 620 642 792 712; x_wconf 90' lang='lat' dir='ltr'>aliqua</span> <span class='ocrx_word' id='word_1_36' title='bbox 820 660 922 712; x_wconf 91' lang='lat' dir='ltr'>qua</span> <span class='ocrx_word' id='word_1_37' title='bbox 950 641 1172 695; x_wconf 80' lang='lat' dir='ltr'>evadant</span> <span class='ocrx_word' id='word_1_38' title='bbox 1199 648 1253 694; x_wconf 90' lang='lat' dir='ltr'>et</span> <span class='ocrx_word' id='word_1_39' title='bbox 1280 643 1390 694; x_wconf 82' lang='lat' dir='ltr'>vim</span> <span class='ocrx_word' id='word_1_40' title='bbox 1420 642 1550 709; x_wconf 76' lang='lat' dir='ltr'>le9is</span> <span class='ocrx_word' id='word_1_41' title='bbox 1578 640 1787 693; x_wconf 90' lang='lat' dir='ltr'>eludant</span> <span class='ocrx_word' id='word_1_42' title='bbox 1806 642 1841 709; x_wconf 73' lang='grc' dir='ltr'>ς)</span> <span class='ocrx_word' id='word_1_43' title='bbox 1879 640 2006 693; x_wconf 92' lang='lat' dir='ltr'>illud</span> <span class='ocrx_word' id='word_1_44' title='bbox 2034 641 2231 701; x_wconf 88' lang='lat' dir='ltr'>saltem,</span> 
     </span>
     <span class='ocr_line' id='line_1_6' title="bbox 409 721 2234 795; baseline -0.002 -18"><span class='ocrx_word' id='word_1_45' title='bbox 409 731 656 795; x_wconf 90' lang='lat' dir='ltr'>quantum</span> <span class='ocrx_word' id='word_1_46' title='bbox 684 724 738 776; x_wconf 92' lang='lat' dir='ltr'>in</span> <span class='ocrx_word' id='word_1_47' title='bbox 773 724 883 794; x_wconf 89' lang='lat' dir='ltr'>ipso</span> <span class='ocrx_word' id='word_1_48' title='bbox 913 731 1006 786; x_wconf 90' lang='lat' dir='ltr'>est,</span> <span class='ocrx_word' id='word_1_49' title='bbox 1040 741 1321 793; x_wconf 90' lang='lat' dir='ltr'>procurare</span> <span class='ocrx_word' id='word_1_50' title='bbox 1351 722 1556 783; x_wconf 89' lang='lat' dir='ltr'>debere,</span> <span class='ocrx_word' id='word_1_51' title='bbox 1586 728 1646 774; x_wconf 91' lang='lat' dir='ltr'>ut</span> <span class='ocrx_word' id='word_1_52' title='bbox 1673 721 1726 773; x_wconf 90' lang='lat' dir='ltr'>in</span> <span class='ocrx_word' id='word_1_53' title='bbox 1767 724 1874 791; x_wconf 77' lang='lat' dir='ltr'>le9e</span> <span class='ocrx_word' id='word_1_54' title='bbox 1902 724 2234 792; x_wconf 59' lang='lat' dir='ltr'>flexaquenda</span> 
     </span>
     <span class='ocr_line' id='line_1_7' title="bbox 408 803 2235 877; baseline -0.002 -18"><span class='ocrx_word' id='word_1_55' title='bbox 408 806 591 877; x_wconf 86' lang='lat' dir='ltr'>aliquis</span> <span class='ocrx_word' id='word_1_56' title='bbox 632 807 812 859; x_wconf 90' lang='lat' dir='ltr'>modus</span> <span class='ocrx_word' id='word_1_57' title='bbox 853 806 1175 867; x_wconf 78' lang='lat' dir='ltr'>adhibeatur,</span> <span class='ocrx_word' id='word_1_58' title='bbox 1221 823 1287 856; x_wconf 89' lang='lat' dir='ltr'>ne</span> <span class='ocrx_word' id='word_1_59' title='bbox 1332 806 1414 857; x_wconf 75' lang='lat' dir='ltr'>lex</span> <span class='ocrx_word' id='word_1_60' title='bbox 1455 803 1582 855; x_wconf 88' lang='lat' dir='ltr'>alias</span> <span class='ocrx_word' id='word_1_61' title='bbox 1620 805 1775 856; x_wconf 77' lang='lat' dir='ltr'>utilis</span> <span class='ocrx_word' id='word_1_62' title='bbox 1833 810 1886 856; x_wconf 91' lang='lat' dir='ltr'>et</span> <span class='ocrx_word' id='word_1_63' title='bbox 1929 806 2235 857; x_wconf 73' lang='lat' dir='ltr'>necessaria</span> 
     </span>
     <span class='ocr_line' id='line_1_8' title="bbox 409 885 2283 958; baseline -0.005 -16"><span class='ocrx_word' id='word_1_64' title='bbox 409 890 624 942; x_wconf 91' lang='lat' dir='ltr'>honesto</span> <span class='ocrx_word' id='word_1_65' title='bbox 668 888 901 958; x_wconf 85' lang='lat' dir='ltr'>cuiquam</span> <span class='ocrx_word' id='word_1_66' title='bbox 944 887 1042 941; x_wconf 88' lang='lat' dir='ltr'>civi</span> <span class='ocrx_word' id='word_1_67' title='bbox 1074 889 1285 957; x_wconf 74' lang='lat' dir='ltr'>fraudi</span> <span class='ocrx_word' id='word_1_68' title='bbox 1329 885 1411 939; x_wconf 87' lang='lat' dir='ltr'>vel</span> <span class='ocrx_word' id='word_1_69' title='bbox 1455 893 1761 939; x_wconf 74' lang='lat' dir='ltr'>nocumento</span> <span class='ocrx_word' id='word_1_70' title='bbox 1810 885 1891 938; x_wconf 90' lang='lat' dir='ltr'>sit.</span> <span class='ocrx_word' id='word_1_71' title='bbox 1982 886 2121 938; x_wconf 89' lang='lat' dir='ltr'>Dico</span> <span class='ocrx_word' id='word_1_72' title='bbox 2160 904 2233 937; x_wconf 79' lang='lat' dir='ltr'>se·</span> <span class='ocrx_word' id='word_1_73' title='bbox 2255 892 2283 932; x_wconf 77' lang='lat'><strong>2</strong></span> 
     </span>
     <span class='ocr_line' id='line_1_9' title="bbox 410 967 2232 1040; baseline -0.004 -16"><span class='ocrx_word' id='word_1_74' title='bbox 410 974 599 1033; x_wconf 75' lang='lat' dir='ltr'>cundo,</span> <span class='ocrx_word' id='word_1_75' title='bbox 630 971 890 1023; x_wconf 90' lang='lat' dir='ltr'>subditum</span> <span class='ocrx_word' id='word_1_76' title='bbox 920 988 980 1022; x_wconf 93' lang='lat' dir='ltr'>eo</span> <span class='ocrx_word' id='word_1_77' title='bbox 1020 987 1120 1038; x_wconf 90' lang='lat' dir='ltr'>quo</span> <span class='ocrx_word' id='word_1_78' title='bbox 1156 969 1266 1039; x_wconf 86' lang='lat' dir='ltr'>jam</span> <span class='ocrx_word' id='word_1_79' title='bbox 1306 967 1635 1039; x_wconf 83' lang='lat' dir='ltr'>supponimus</span> <span class='ocrx_word' id='word_1_80' title='bbox 1674 967 1825 1020; x_wconf 90' lang='lat' dir='ltr'>modo</span> <span class='ocrx_word' id='word_1_81' title='bbox 1869 973 2232 1040; x_wconf 86' lang='lat' dir='ltr'>aggravatum,</span> 
     </span>
     <span class='ocr_line' id='line_1_10' title="bbox 410 1048 2235 1120; baseline -0.003 -14"><span class='ocrx_word' id='word_1_82' title='bbox 410 1053 576 1106; x_wconf 88' lang='lat' dir='ltr'>teneri</span> <span class='ocrx_word' id='word_1_83' title='bbox 603 1053 657 1104; x_wconf 92' lang='lat' dir='ltr'>in</span> <span class='ocrx_word' id='word_1_84' title='bbox 686 1051 991 1104; x_wconf 88' lang='lat' dir='ltr'>conscientia</span> <span class='ocrx_word' id='word_1_85' title='bbox 1023 1053 1126 1120; x_wconf 70' lang='lat' dir='ltr'>leyi</span> <span class='ocrx_word' id='word_1_86' title='bbox 1151 1052 1375 1111; x_wconf 80' lang='lat' dir='ltr'>obedire,</span> <span class='ocrx_word' id='word_1_87' title='bbox 1415 1049 1570 1103; x_wconf 91' lang='lat' dir='ltr'>etiam</span> <span class='ocrx_word' id='word_1_88' title='bbox 1612 1068 1725 1102; x_wconf 91' lang='lat' dir='ltr'>cum</span> <span class='ocrx_word' id='word_1_89' title='bbox 1768 1050 1918 1102; x_wconf 92' lang='lat' dir='ltr'>ruina</span> <span class='ocrx_word' id='word_1_90' title='bbox 1960 1049 2116 1103; x_wconf 91' lang='lat' dir='ltr'>totius</span> <span class='ocrx_word' id='word_1_91' title='bbox 2157 1048 2235 1100; x_wconf 92' lang='lat' dir='ltr'>rei</span> 
     </span>
     <span class='ocr_line' id='line_1_11' title="bbox 408 1130 2235 1201; baseline -0.003 -14"><span class='ocrx_word' id='word_1_92' title='bbox 408 1134 690 1199; x_wconf 86' lang='lat' dir='ltr'>familiaris,</span> <span class='ocrx_word' id='word_1_93' title='bbox 721 1133 763 1186; x_wconf 91' lang='lat' dir='ltr'>si</span> <span class='ocrx_word' id='word_1_94' title='bbox 794 1135 915 1186; x_wconf 75' lang='lat' dir='ltr'>boni</span> <span class='ocrx_word' id='word_1_95' title='bbox 934 1135 1147 1201; x_wconf 77' lang='lat' dir='ltr'>publici</span> <span class='ocrx_word' id='word_1_96' title='bbox 1175 1132 1307 1184; x_wconf 90' lang='lat' dir='ltr'>ratio</span> <span class='ocrx_word' id='word_1_97' title='bbox 1336 1132 1508 1201; x_wconf 91' lang='lat' dir='ltr'>aliqua</span> <span class='ocrx_word' id='word_1_98' title='bbox 1536 1131 1747 1184; x_wconf 88' lang='lat' dir='ltr'>evidens</span> <span class='ocrx_word' id='word_1_99' title='bbox 1776 1139 1829 1185; x_wconf 91' lang='lat' dir='ltr'>et</span> <span class='ocrx_word' id='word_1_100' title='bbox 1860 1131 2146 1184; x_wconf 89' lang='lat' dir='ltr'>necessaria</span> <span class='ocrx_word' id='word_1_101' title='bbox 2179 1130 2235 1182; x_wconf 91' lang='lat' dir='ltr'>id</span> 
     </span>
     <span class='ocr_line' id='line_1_12' title="bbox 409 1212 2235 1288; baseline -0.003 -19"><span class='ocrx_word' id='word_1_102' title='bbox 409 1216 647 1288; x_wconf 77' lang='lat' dir='ltr'>postulet.</span> <span class='ocrx_word' id='word_1_103' title='bbox 736 1216 812 1268; x_wconf 92' lang='lat' dir='ltr'>Ut</span> <span class='ocrx_word' id='word_1_104' title='bbox 858 1214 901 1267; x_wconf 89' lang='lat' dir='ltr'>si</span> <span class='ocrx_word' id='word_1_105' title='bbox 949 1216 1030 1267; x_wconf 72' lang='lat' dir='ltr'>lecc</span> <span class='ocrx_word' id='word_1_106' title='bbox 1068 1215 1283 1275; x_wconf 88' lang='lat' dir='ltr'>feratur,</span> <span class='ocrx_word' id='word_1_107' title='bbox 1332 1213 1562 1265; x_wconf 85' lang='lat' dir='ltr'>exercitu</span> <span class='ocrx_word' id='word_1_108' title='bbox 1606 1213 1777 1266; x_wconf 87' lang='lat' dir='ltr'>hostili</span> <span class='ocrx_word' id='word_1_109' title='bbox 1821 1231 2039 1284; x_wconf 89' lang='lat' dir='ltr'>regnum</span> <span class='ocrx_word' id='word_1_110' title='bbox 2091 1212 2235 1264; x_wconf 87' lang='lat' dir='ltr'>inva-</span> 
     </span>
     <span class='ocr_line' id='line_1_13' title="bbox 411 1294 2237 1368; baseline -0.004 -16"><span class='ocrx_word' id='word_1_111' title='bbox 411 1300 581 1361; x_wconf 89' lang='lat' dir='ltr'>dente,</span> <span class='ocrx_word' id='word_1_112' title='bbox 608 1305 666 1351; x_wconf 90' lang='lat' dir='ltr'>ut</span> <span class='ocrx_word' id='word_1_113' title='bbox 694 1296 747 1349; x_wconf 89' lang='lat' dir='ltr'>in</span> <span class='ocrx_word' id='word_1_114' title='bbox 776 1296 917 1368; x_wconf 89' lang='lat' dir='ltr'>agris</span> <span class='ocrx_word' id='word_1_115' title='bbox 945 1307 1135 1367; x_wconf 68' lang='lat' dir='ltr'>seqetes</span> <span class='ocrx_word' id='word_1_116' title='bbox 1164 1313 1338 1348; x_wconf 91' lang='lat' dir='ltr'>omnes</span> <span class='ocrx_word' id='word_1_117' title='bbox 1366 1313 1459 1365; x_wconf 91' lang='lat' dir='ltr'>per</span> <span class='ocrx_word' id='word_1_118' title='bbox 1488 1294 1684 1364; x_wconf 86' lang='lat' dir='ltr'>aliquot</span> <span class='ocrx_word' id='word_1_119' title='bbox 1709 1294 1998 1348; x_wconf 86' lang='lat' dir='ltr'>milliarium</span> <span class='ocrx_word' id='word_1_120' title='bbox 2026 1313 2059 1347; x_wconf 90' lang='lat' dir='ltr'>a</span> <span class='ocrx_word' id='word_1_121' title='bbox 2086 1294 2237 1347; x_wconf 90' lang='lat' dir='ltr'>litore</span> 
     </span>
     <span class='ocr_line' id='line_1_14' title="bbox 411 1375 2236 1451; baseline -0.004 -17"><span class='ocrx_word' id='word_1_122' title='bbox 411 1381 632 1451; x_wconf 91' lang='lat' dir='ltr'>spatium</span> <span class='ocrx_word' id='word_1_123' title='bbox 654 1380 1018 1441; x_wconf 82' lang='lat' dir='ltr'>devastentur3</span> <span class='ocrx_word' id='word_1_124' title='bbox 1049 1397 1197 1431; x_wconf 93' lang='lat' dir='ltr'>omne</span> <span class='ocrx_word' id='word_1_125' title='bbox 1216 1380 1557 1447; x_wconf 78' lang='lat' dir='ltr'>frumentum</span> <span class='ocrx_word' id='word_1_126' title='bbox 1581 1377 1635 1429; x_wconf 92' lang='lat' dir='ltr'>in</span> <span class='ocrx_word' id='word_1_127' title='bbox 1663 1377 1863 1430; x_wconf 87' lang='lat' dir='ltr'>horreis</span> <span class='ocrx_word' id='word_1_128' title='bbox 1885 1384 1938 1431; x_wconf 89' lang='lat' dir='ltr'>et</span> <span class='ocrx_word' id='word_1_129' title='bbox 1959 1375 2236 1447; x_wconf 87' lang='lat' dir='ltr'>apothecis,</span> 
     </span>
     <span class='ocr_line' id='line_1_15' title="bbox 412 1460 2239 1532; baseline -0.003 -17"><span class='ocrx_word' id='word_1_130' title='bbox 412 1463 550 1532; x_wconf 88' lang='lat' dir='ltr'>quod</span> <span class='ocrx_word' id='word_1_131' title='bbox 601 1481 705 1514; x_wconf 87' lang='lat' dir='ltr'>non</span> <span class='ocrx_word' id='word_1_132' title='bbox 743 1468 914 1532; x_wconf 91' lang='lat' dir='ltr'>posset</span> <span class='ocrx_word' id='word_1_133' title='bbox 948 1461 1046 1513; x_wconf 89' lang='lat' dir='ltr'>alio</span> <span class='ocrx_word' id='word_1_134' title='bbox 1086 1460 1364 1530; x_wconf 90' lang='lat' dir='ltr'>deportari,</span> <span class='ocrx_word' id='word_1_135' title='bbox 1411 1466 1660 1512; x_wconf 84' lang='lat' dir='ltr'>exuratur</span> <span class='ocrx_word' id='word_1_136' title='bbox 1678 1479 1691 1522; x_wconf 84' lang='lat'><em>3</em></span> <span class='ocrx_word' id='word_1_137' title='bbox 1742 1463 1879 1513; x_wconf 75' lang='lat' dir='ltr'>cedes</span> <span class='ocrx_word' id='word_1_138' title='bbox 1916 1461 2239 1513; x_wconf 70' lang='lat' dir='ltr'>suburbanae</span> 
     </span>
     <span class='ocr_line' id='line_1_16' title="bbox 412 1542 2239 1613; baseline -0.002 -17"><span class='ocrx_word' id='word_1_139' title='bbox 412 1545 716 1607; x_wconf 82' lang='lat' dir='ltr'>diruantur3</span> <span class='ocrx_word' id='word_1_140' title='bbox 740 1554 915 1613; x_wconf 78' lang='lat' dir='ltr'>prata</span> <span class='ocrx_word' id='word_1_141' title='bbox 943 1543 1176 1595; x_wconf 87' lang='lat' dir='ltr'>immissis</span> <span class='ocrx_word' id='word_1_142' title='bbox 1204 1542 1494 1595; x_wconf 88' lang='lat' dir='ltr'>fluminibus</span> <span class='ocrx_word' id='word_1_143' title='bbox 1523 1542 1953 1613; x_wconf 84' lang='lat' dir='ltr'>submergantur:</span> <span class='ocrx_word' id='word_1_144' title='bbox 1981 1542 2239 1613; x_wconf 86' lang='lat' dir='ltr'>obligatur</span> 
     </span>
     <span class='ocr_line' id='line_1_17' title="bbox 414 1624 2240 1695; baseline -0.002 -17"><span class='ocrx_word' id='word_1_145' title='bbox 414 1626 617 1679; x_wconf 92' lang='lat' dir='ltr'>omnino</span> <span class='ocrx_word' id='word_1_146' title='bbox 664 1625 1009 1695; x_wconf 89' lang='lat' dir='ltr'>unusquisque</span> <span class='ocrx_word' id='word_1_147' title='bbox 1055 1624 1241 1677; x_wconf 88' lang='lat' dir='ltr'>civium</span> <span class='ocrx_word' id='word_1_148' title='bbox 1294 1624 1340 1676; x_wconf 93' lang='lat' dir='ltr'>ei</span> <span class='ocrx_word' id='word_1_149' title='bbox 1389 1626 1492 1693; x_wconf 71' lang='lat' dir='ltr'>leyi</span> <span class='ocrx_word' id='word_1_150' title='bbox 1533 1642 1733 1694; x_wconf 89' lang='lat' dir='ltr'>parere,</span> <span class='ocrx_word' id='word_1_151' title='bbox 1782 1631 1939 1693; x_wconf 85' lang='lat' dir='ltr'>atque</span> <span class='ocrx_word' id='word_1_152' title='bbox 1987 1624 2240 1694; x_wconf 89' lang='lat' dir='ltr'>imperata</span> 
     </span>
     <span class='ocr_line' id='line_1_18' title="bbox 412 1704 2239 1776; baseline -0.003 -15"><span class='ocrx_word' id='word_1_153' title='bbox 412 1709 633 1762; x_wconf 86' lang='lat' dir='ltr'>libenter</span> <span class='ocrx_word' id='word_1_154' title='bbox 663 1715 716 1761; x_wconf 91' lang='lat' dir='ltr'>et</span> <span class='ocrx_word' id='word_1_155' title='bbox 749 1706 987 1760; x_wconf 85' lang='lat' dir='ltr'>alacriter</span> <span class='ocrx_word' id='word_1_156' title='bbox 1016 1706 1201 1769; x_wconf 90' lang='lat' dir='ltr'>facere,</span> <span class='ocrx_word' id='word_1_157' title='bbox 1232 1713 1291 1759; x_wconf 91' lang='lat' dir='ltr'>ut</span> <span class='ocrx_word' id='word_1_158' title='bbox 1319 1725 1433 1758; x_wconf 91' lang='lat' dir='ltr'>cum</span> <span class='ocrx_word' id='word_1_159' title='bbox 1464 1706 1672 1776; x_wconf 83' lang='lat' dir='ltr'>jactura</span> <span class='ocrx_word' id='word_1_160' title='bbox 1709 1708 1791 1759; x_wconf 77' lang='lat' dir='ltr'>rei</span> <span class='ocrx_word' id='word_1_161' title='bbox 1823 1708 2065 1775; x_wconf 69' lang='lat' dir='ltr'>privatae</span> <span class='ocrx_word' id='word_1_162' title='bbox 2103 1704 2239 1757; x_wconf 91' lang='lat' dir='ltr'>redi-</span> 
     </span>
     <span class='ocr_line' id='line_1_19' title="bbox 412 1786 2239 1859; baseline -0.003 -15"><span class='ocrx_word' id='word_1_163' title='bbox 412 1798 520 1843; x_wconf 90' lang='lat' dir='ltr'>mat</span> <span class='ocrx_word' id='word_1_164' title='bbox 561 1793 790 1844; x_wconf 75' lang='lat' dir='ltr'>salutem</span> <span class='ocrx_word' id='word_1_165' title='bbox 820 1791 1115 1859; x_wconf 76' lang='lat' dir='ltr'>publicam.</span> <span class='ocrx_word' id='word_1_166' title='bbox 1203 1789 1368 1857; x_wconf 92' lang='lat' dir='ltr'>quue</span> <span class='ocrx_word' id='word_1_167' title='bbox 1409 1807 1511 1840; x_wconf 91' lang='lat' dir='ltr'>non</span> <span class='ocrx_word' id='word_1_168' title='bbox 1551 1807 1612 1840; x_wconf 91' lang='lat' dir='ltr'>ea</span> <span class='ocrx_word' id='word_1_169' title='bbox 1652 1788 1813 1840; x_wconf 89' lang='lat' dir='ltr'>solum</span> <span class='ocrx_word' id='word_1_170' title='bbox 1857 1788 2072 1850; x_wconf 89' lang='lat' dir='ltr'>ratione,</span> <span class='ocrx_word' id='word_1_171' title='bbox 2101 1786 2239 1857; x_wconf 90' lang='lat' dir='ltr'>quod</span> 
     </span>
     <span class='ocr_line' id='line_1_20' title="bbox 412 1870 2236 1942; baseline -0.002 -17"><span class='ocrx_word' id='word_1_172' title='bbox 412 1880 611 1926; x_wconf 89' lang='lat' dir='ltr'>certum</span> <span class='ocrx_word' id='word_1_173' title='bbox 652 1873 733 1935; x_wconf 90' lang='lat' dir='ltr'>sit,</span> <span class='ocrx_word' id='word_1_174' title='bbox 772 1871 978 1942; x_wconf 89' lang='lat' dir='ltr'>prodita</span> <span class='ocrx_word' id='word_1_175' title='bbox 1012 1870 1244 1923; x_wconf 90' lang='lat' dir='ltr'>hostibus</span> <span class='ocrx_word' id='word_1_176' title='bbox 1274 1870 1654 1940; x_wconf 88' lang='lat' dir='ltr'>(intempestiva</span> <span class='ocrx_word' id='word_1_177' title='bbox 1681 1870 2000 1941; x_wconf 86' lang='lat' dir='ltr'>frugalitate)</span> <span class='ocrx_word' id='word_1_178' title='bbox 2022 1872 2236 1940; x_wconf 73' lang='lat' dir='ltr'>patria,</span> 
     </span>
     <span class='ocr_line' id='line_1_21' title="bbox 414 1953 2238 2023; baseline -0.002 -16"><span class='ocrx_word' id='word_1_179' title='bbox 414 1954 755 2007; x_wconf 89' lang='lat' dir='ltr'>calamitatem</span> <span class='ocrx_word' id='word_1_180' title='bbox 784 1953 838 2005; x_wconf 94' lang='lat' dir='ltr'>in</span> <span class='ocrx_word' id='word_1_181' title='bbox 857 1956 1109 2022; x_wconf 77' lang='lat' dir='ltr'>privatos</span> <span class='ocrx_word' id='word_1_182' title='bbox 1139 1972 1365 2023; x_wconf 77' lang='lat' dir='ltr'>quosque</span> <span class='ocrx_word' id='word_1_183' title='bbox 1395 1957 1527 2006; x_wconf 84' lang='lat' dir='ltr'>cives</span> <span class='ocrx_word' id='word_1_184' title='bbox 1544 1953 1841 2023; x_wconf 88' lang='lat' dir='ltr'>propediem</span> <span class='ocrx_word' id='word_1_185' title='bbox 1862 1960 2238 2005; x_wconf 86' lang='lat' dir='ltr'>emanaturam:</span> 
     </span>
     <span class='ocr_line' id='line_1_22' title="bbox 414 2032 2238 2106; baseline -0.003 -17"><span class='ocrx_word' id='word_1_186' title='bbox 414 2037 505 2090; x_wconf 86' lang='lat' dir='ltr'>sed</span> <span class='ocrx_word' id='word_1_187' title='bbox 531 2055 595 2089; x_wconf 86' lang='lat' dir='ltr'>ex</span> <span class='ocrx_word' id='word_1_188' title='bbox 621 2038 779 2106; x_wconf 88' lang='lat' dir='ltr'>officii</span> <span class='ocrx_word' id='word_1_189' title='bbox 807 2053 1011 2105; x_wconf 90' lang='lat' dir='ltr'>quoque</span> <span class='ocrx_word' id='word_1_190' title='bbox 1046 2037 1374 2088; x_wconf 80' lang='lat' dir='ltr'>conscie-ntia</span> <span class='ocrx_word' id='word_1_191' title='bbox 1420 2034 1504 2087; x_wconf 88' lang='lat' dir='ltr'>vel</span> <span class='ocrx_word' id='word_1_192' title='bbox 1544 2034 1781 2096; x_wconf 87' lang='lat' dir='ltr'>maxime,</span> <span class='ocrx_word' id='word_1_193' title='bbox 1822 2035 1959 2104; x_wconf 92' lang='lat' dir='ltr'>quod</span> <span class='ocrx_word' id='word_1_194' title='bbox 2003 2035 2069 2087; x_wconf 88' lang='lat' dir='ltr'>sit</span> <span class='ocrx_word' id='word_1_195' title='bbox 2101 2032 2238 2085; x_wconf 91' lang='lat' dir='ltr'>omni</span> 
     </span>
     <span class='ocr_line' id='line_1_23' title="bbox 413 2117 2288 2187; baseline -0.002 -16"><span class='ocrx_word' id='word_1_196' title='bbox 413 2120 523 2172; x_wconf 87' lang='lat' dir='ltr'>viro</span> <span class='ocrx_word' id='word_1_197' title='bbox 545 2120 677 2171; x_wconf 91' lang='lat' dir='ltr'>bono</span> <span class='ocrx_word' id='word_1_198' title='bbox 707 2120 896 2171; x_wconf 77' lang='lat' dir='ltr'>bouum</span> <span class='ocrx_word' id='word_1_199' title='bbox 909 2118 1190 2186; x_wconf 80' lang='lat' dir='ltr'>publicum</span> <span class='ocrx_word' id='word_1_200' title='bbox 1212 2117 1414 2187; x_wconf 88' lang='lat' dir='ltr'>privato</span> <span class='ocrx_word' id='word_1_201' title='bbox 1440 2117 1846 2169; x_wconf 88' lang='lat' dir='ltr'>anteferendum.</span> <span class='ocrx_word' id='word_1_202' title='bbox 1902 2119 2044 2169; x_wconf 89' lang='lat' dir='ltr'>Dico</span> <span class='ocrx_word' id='word_1_203' title='bbox 2065 2118 2235 2175; x_wconf 78' lang='lat' dir='ltr'>tertio,</span> <span class='ocrx_word' id='word_1_204' title='bbox 2260 2120 2288 2160; x_wconf 84' lang='lat'><strong>3</strong></span> 
     </span>
     <span class='ocr_line' id='line_1_24' title="bbox 412 2196 2240 2271; baseline -0.003 -17"><span class='ocrx_word' id='word_1_205' title='bbox 412 2201 689 2263; x_wconf 88' lang='lat' dir='ltr'>subditum,</span> <span class='ocrx_word' id='word_1_206' title='bbox 735 2199 833 2252; x_wconf 88' lang='lat' dir='ltr'>nisi</span> <span class='ocrx_word' id='word_1_207' title='bbox 866 2199 1079 2271; x_wconf 89' lang='lat' dir='ltr'>insignis</span> <span class='ocrx_word' id='word_1_208' title='bbox 1121 2198 1294 2269; x_wconf 89' lang='lat' dir='ltr'>aliqua</span> <span class='ocrx_word' id='word_1_209' title='bbox 1321 2205 1572 2268; x_wconf 88' lang='lat' dir='ltr'>appareat</span> <span class='ocrx_word' id='word_1_210' title='bbox 1600 2200 1902 2260; x_wconf 74' lang='lat' dir='ltr'>necessitas,</span> <span class='ocrx_word' id='word_1_211' title='bbox 1934 2198 2016 2250; x_wconf 88' lang='lat' dir='ltr'>vel</span> <span class='ocrx_word' id='word_1_212' title='bbox 2053 2196 2240 2267; x_wconf 88' lang='lat' dir='ltr'>publici</span> 
     </span>
     <span class='ocr_line' id='line_1_25' title="bbox 413 2280 2237 2354; baseline -0.003 -19"><span class='ocrx_word' id='word_1_213' title='bbox 413 2283 625 2354; x_wconf 87' lang='lat' dir='ltr'>periculi</span> <span class='ocrx_word' id='word_1_214' title='bbox 653 2294 834 2349; x_wconf 70' lang='lat' dir='ltr'>metue,</span> <span class='ocrx_word' id='word_1_215' title='bbox 867 2280 1125 2334; x_wconf 88' lang='lat' dir='ltr'>ordinarie</span> <span class='ocrx_word' id='word_1_216' title='bbox 1153 2299 1257 2333; x_wconf 87' lang='lat' dir='ltr'>non</span> <span class='ocrx_word' id='word_1_217' title='bbox 1280 2281 1446 2333; x_wconf 88' lang='lat' dir='ltr'>teneri</span> <span class='ocrx_word' id='word_1_218' title='bbox 1473 2282 1631 2333; x_wconf 80' lang='lat' dir='ltr'>valde</span> <span class='ocrx_word' id='word_1_219' title='bbox 1659 2298 1888 2333; x_wconf 77' lang='lat' dir='ltr'>onerosae</span> <span class='ocrx_word' id='word_1_220' title='bbox 1919 2281 2023 2349; x_wconf 69' lang='lat' dir='ltr'>leyi</span> <span class='ocrx_word' id='word_1_221' title='bbox 2037 2297 2237 2349; x_wconf 88' lang='lat' dir='ltr'>parere,</span> 
     </span>
     <span class='ocr_line' id='line_1_26' title="bbox 415 2360 2240 2432; baseline -0.003 -14"><span class='ocrx_word' id='word_1_222' title='bbox 415 2384 530 2418; x_wconf 92' lang='lat' dir='ltr'>cum</span> <span class='ocrx_word' id='word_1_223' title='bbox 560 2373 702 2418; x_wconf 88' lang='lat' dir='ltr'>certa</span> <span class='ocrx_word' id='word_1_224' title='bbox 742 2365 818 2417; x_wconf 91' lang='lat' dir='ltr'>rei</span> <span class='ocrx_word' id='word_1_225' title='bbox 857 2363 1147 2417; x_wconf 72' lang='lat' dir='ltr'>domesticae</span> <span class='ocrx_word' id='word_1_226' title='bbox 1190 2363 1354 2427; x_wconf 90' lang='lat' dir='ltr'>ruina,</span> <span class='ocrx_word' id='word_1_227' title='bbox 1399 2370 1490 2415; x_wconf 89' lang='lat' dir='ltr'>aut</span> <span class='ocrx_word' id='word_1_228' title='bbox 1533 2362 1714 2432; x_wconf 88' lang='lat' dir='ltr'>capitis</span> <span class='ocrx_word' id='word_1_229' title='bbox 1752 2362 2010 2432; x_wconf 87' lang='lat' dir='ltr'>periculo:</span> <span class='ocrx_word' id='word_1_230' title='bbox 2051 2360 2240 2413; x_wconf 89' lang='lat' dir='ltr'>Teneri</span> 
     </span>
     <span class='ocr_line' id='line_1_27' title="bbox 414 2443 2241 2518; baseline -0.003 -18"><span class='ocrx_word' id='word_1_231' title='bbox 414 2454 601 2509; x_wconf 87' lang='lat' dir='ltr'>tamen,</span> <span class='ocrx_word' id='word_1_232' title='bbox 631 2455 690 2500; x_wconf 90' lang='lat' dir='ltr'>ut</span> <span class='ocrx_word' id='word_1_233' title='bbox 718 2454 839 2500; x_wconf 90' lang='lat' dir='ltr'>ante</span> <span class='ocrx_word' id='word_1_234' title='bbox 868 2445 1155 2518; x_wconf 85' lang='lat' dir='ltr'>generatim</span> <span class='ocrx_word' id='word_1_235' title='bbox 1185 2445 1376 2498; x_wconf 91' lang='lat' dir='ltr'>dictum</span> <span class='ocrx_word' id='word_1_236' title='bbox 1403 2452 1495 2507; x_wconf 91' lang='lat' dir='ltr'>est,</span> <span class='ocrx_word' id='word_1_237' title='bbox 1525 2445 1683 2513; x_wconf 90' lang='lat' dir='ltr'>(quod</span> <span class='ocrx_word' id='word_1_238' title='bbox 1709 2451 1762 2497; x_wconf 90' lang='lat' dir='ltr'>et</span> <span class='ocrx_word' id='word_1_239' title='bbox 1800 2443 1853 2495; x_wconf 93' lang='lat' dir='ltr'>in</span> <span class='ocrx_word' id='word_1_240' title='bbox 1879 2443 2109 2496; x_wconf 92' lang='lat' dir='ltr'>omnibus</span> <span class='ocrx_word' id='word_1_241' title='bbox 2129 2443 2241 2494; x_wconf 85' lang='lat' dir='ltr'>fere</span> 
     </span>
     <span class='ocr_line' id='line_1_28' title="bbox 414 2524 2241 2595; baseline -0.003 -14"><span class='ocrx_word' id='word_1_242' title='bbox 414 2530 611 2582; x_wconf 89' lang='lat' dir='ltr'>casibus</span> <span class='ocrx_word' id='word_1_243' title='bbox 641 2529 1017 2581; x_wconf 88' lang='lat' dir='ltr'>observandum</span> <span class='ocrx_word' id='word_1_244' title='bbox 1046 2545 1242 2588; x_wconf 90' lang='lat' dir='ltr'>mone0,</span> <span class='ocrx_word' id='word_1_245' title='bbox 1273 2546 1338 2579; x_wconf 91' lang='lat' dir='ltr'>ne</span> <span class='ocrx_word' id='word_1_246' title='bbox 1367 2526 1433 2579; x_wconf 90' lang='lat' dir='ltr'>sit</span> <span class='ocrx_word' id='word_1_247' title='bbox 1460 2545 1665 2579; x_wconf 88' lang='lat' dir='ltr'>necesse</span> <span class='ocrx_word' id='word_1_248' title='bbox 1700 2526 1754 2578; x_wconf 93' lang='lat' dir='ltr'>id</span> <span class='ocrx_word' id='word_1_249' title='bbox 1780 2525 1945 2595; x_wconf 90' lang='lat' dir='ltr'>ipsum</span> <span class='ocrx_word' id='word_1_250' title='bbox 1984 2524 2241 2577; x_wconf 91' lang='lat' dir='ltr'>multoties</span> 
     </span>
     <span class='ocr_line' id='line_1_29' title="bbox 413 2605 2241 2679; baseline -0.003 -17"><span class='ocrx_word' id='word_1_251' title='bbox 413 2613 692 2679; x_wconf 85' lang='lat' dir='ltr'>repetere,)</span> <span class='ocrx_word' id='word_1_252' title='bbox 737 2610 977 2679; x_wconf 88' lang='lat' dir='ltr'>quicquid</span> <span class='ocrx_word' id='word_1_253' title='bbox 1019 2608 1114 2660; x_wconf 91' lang='lat' dir='ltr'>sibi</span> <span class='ocrx_word' id='word_1_254' title='bbox 1156 2610 1373 2676; x_wconf 67' lang='lat' dir='ltr'>injuriae</span> <span class='ocrx_word' id='word_1_255' title='bbox 1403 2609 1486 2661; x_wconf 83' lang='lat' dir='ltr'>vel</span> <span class='ocrx_word' id='word_1_256' title='bbox 1521 2610 1849 2661; x_wconf 71' lang='lat' dir='ltr'>contumeliae</span> <span class='ocrx_word' id='word_1_257' title='bbox 1878 2627 1910 2661; x_wconf 94' lang='lat' dir='ltr'>a</span> <span class='ocrx_word' id='word_1_258' title='bbox 1939 2605 2241 2663; x_wconf 87' lang='lat' dir='ltr'>sublimiori-</span> 
     </span>
     <span class='ocr_line' id='line_1_30' title="bbox 414 2689 2242 2761; baseline -0.003 -17"><span class='ocrx_word' id='word_1_259' title='bbox 414 2692 510 2744; x_wconf 90' lang='lat' dir='ltr'>bus</span> <span class='ocrx_word' id='word_1_260' title='bbox 551 2692 889 2761; x_wconf 84' lang='lat' dir='ltr'>potestatibus</span> <span class='ocrx_word' id='word_1_261' title='bbox 927 2691 1124 2742; x_wconf 88' lang='lat' dir='ltr'>illatum</span> <span class='ocrx_word' id='word_1_262' title='bbox 1167 2689 1339 2751; x_wconf 85' lang='lat' dir='ltr'>fuerit,</span> <span class='ocrx_word' id='word_1_263' title='bbox 1376 2690 1430 2742; x_wconf 88' lang='lat' dir='ltr'>id</span> <span class='ocrx_word' id='word_1_264' title='bbox 1469 2709 1616 2759; x_wconf 77' lang='lat' dir='ltr'>aequo</span> <span class='ocrx_word' id='word_1_265' title='bbox 1659 2692 1840 2743; x_wconf 78' lang='lat' dir='ltr'>animo</span> <span class='ocrx_word' id='word_1_266' title='bbox 1874 2691 2103 2760; x_wconf 74' lang='lat' dir='ltr'>perpeti,</span> <span class='ocrx_word' id='word_1_267' title='bbox 2148 2705 2242 2740; x_wconf 91' lang='lat' dir='ltr'>nec</span> 
     </span>
     <span class='ocr_line' id='line_1_31' title="bbox 414 2773 1054 2825; baseline -0.003 0"><span class='ocrx_word' id='word_1_268' title='bbox 414 2773 488 2825; x_wconf 90' lang='lat' dir='ltr'>eis</span> <span class='ocrx_word' id='word_1_269' title='bbox 516 2773 771 2825; x_wconf 89' lang='lat' dir='ltr'>ullatenus</span> <span class='ocrx_word' id='word_1_270' title='bbox 798 2775 1054 2825; x_wconf 73' lang='lat' dir='ltr'>resistere.</span> 
     </span>
    </p>

    <p class='ocr_par' dir='ltr' id='par_1_3' title="bbox 413 2852 2292 3336">
     <span class='ocr_line' id='line_1_32' title="bbox 540 2852 2242 2914; baseline -0.002 -8"><span class='ocrx_word' id='word_1_271' title='bbox 540 2854 637 2908; x_wconf 85' lang='lat' dir='ltr'>IX.</span> <span class='ocrx_word' id='word_1_272' title='bbox 705 2854 939 2906; x_wconf 76' lang='lat' dir='ltr'>DUBmM</span> <span class='ocrx_word' id='word_1_273' title='bbox 964 2870 1231 2914; x_wconf 79' lang='lat' dir='ltr'>TERTIUM,</span> <span class='ocrx_word' id='word_1_274' title='bbox 1257 2853 1322 2905; x_wconf 90' lang='lat' dir='ltr'>de</span> <span class='ocrx_word' id='word_1_275' title='bbox 1349 2871 1407 2905; x_wconf 87' lang='lat' dir='ltr'>re</span> <span class='ocrx_word' id='word_1_276' title='bbox 1422 2855 1777 2913; x_wconf 75' lang='lat' dir='ltr'>Necessaria3</span> <span class='ocrx_word' id='word_1_277' title='bbox 1810 2852 1865 2905; x_wconf 78' lang='lat' dir='ltr'>Si</span> <span class='ocrx_word' id='word_1_278' title='bbox 1884 2854 1995 2904; x_wconf 86' lang='lat' dir='ltr'>Lex</span> <span class='ocrx_word' id='word_1_279' title='bbox 2017 2853 2242 2904; x_wconf 92' lang='lat' dir='ltr'>humana</span> 
     </span>
     <span class='ocr_line' id='line_1_33' title="bbox 413 2932 2243 3007; baseline -0.003 -17"><span class='ocrx_word' id='word_1_280' title='bbox 413 2937 606 3006; x_wconf 86' lang='lat' dir='ltr'>aliquid</span> <span class='ocrx_word' id='word_1_281' title='bbox 638 2937 950 3007; x_wconf 66' lang='lat' dir='ltr'>praecipiat,</span> <span class='ocrx_word' id='word_1_282' title='bbox 992 2935 1128 3005; x_wconf 90' lang='lat' dir='ltr'>quod</span> <span class='ocrx_word' id='word_1_283' title='bbox 1170 2935 1268 2988; x_wconf 87' lang='lat' dir='ltr'>fuit</span> <span class='ocrx_word' id='word_1_284' title='bbox 1308 2942 1429 2987; x_wconf 90' lang='lat' dir='ltr'>ante</span> <span class='ocrx_word' id='word_1_285' title='bbox 1470 2936 1825 2988; x_wconf 73' lang='lat' dir='ltr'>necessarium</span> <span class='ocrx_word' id='word_1_286' title='bbox 1868 2940 1922 2986; x_wconf 92' lang='lat' dir='ltr'>et</span> <span class='ocrx_word' id='word_1_287' title='bbox 1964 2934 2105 3004; x_wconf 87' lang='lat' dir='ltr'>Lege</span> <span class='ocrx_word' id='word_1_288' title='bbox 2140 2932 2243 2984; x_wconf 91' lang='lat' dir='ltr'>Dei</span> 
     </span>
     <span class='ocr_line' id='line_1_34' title="bbox 413 3014 2243 3089; baseline -0.002 -19"><span class='ocrx_word' id='word_1_289' title='bbox 413 3027 756 3089; x_wconf 84' lang='lat' dir='ltr'>praeceptum3</span> <span class='ocrx_word' id='word_1_290' title='bbox 800 3025 891 3070; x_wconf 91' lang='lat' dir='ltr'>aut</span> <span class='ocrx_word' id='word_1_291' title='bbox 920 3019 1225 3087; x_wconf 77' lang='lat' dir='ltr'>prohibeat,</span> <span class='ocrx_word' id='word_1_292' title='bbox 1268 3017 1404 3087; x_wconf 93' lang='lat' dir='ltr'>quod</span> <span class='ocrx_word' id='word_1_293' title='bbox 1441 3016 1540 3068; x_wconf 83' lang='lat' dir='ltr'>fuit</span> <span class='ocrx_word' id='word_1_294' title='bbox 1573 3023 1693 3068; x_wconf 89' lang='lat' dir='ltr'>ante</span> <span class='ocrx_word' id='word_1_295' title='bbox 1728 3017 1999 3076; x_wconf 78' lang='lat' dir='ltr'>illicitum,</span> <span class='ocrx_word' id='word_1_296' title='bbox 2031 3022 2084 3066; x_wconf 90' lang='lat' dir='ltr'>et</span> <span class='ocrx_word' id='word_1_297' title='bbox 2125 3014 2243 3084; x_wconf 90' lang='lat' dir='ltr'>lege</span> 
     </span>
     <span class='ocr_line' id='line_1_35' title="bbox 413 3096 2244 3171; baseline -0.003 -19"><span class='ocrx_word' id='word_1_298' title='bbox 413 3101 515 3153; x_wconf 90' lang='lat' dir='ltr'>Dei</span> <span class='ocrx_word' id='word_1_299' title='bbox 543 3101 890 3171; x_wconf 86' lang='lat' dir='ltr'>prohibitum:</span> <span class='ocrx_word' id='word_1_300' title='bbox 922 3118 1036 3169; x_wconf 83' lang='lat' dir='ltr'>quae</span> <span class='ocrx_word' id='word_1_301' title='bbox 1061 3099 1127 3152; x_wconf 89' lang='lat' dir='ltr'>sit</span> <span class='ocrx_word' id='word_1_302' title='bbox 1161 3101 1449 3168; x_wconf 64' lang='lat' dir='ltr'>Obliyatio.</span> <span class='ocrx_word' id='word_1_303' title='bbox 1515 3098 1823 3168; x_wconf 87' lang='lat' dir='ltr'>Respondeo</span> <span class='ocrx_word' id='word_1_304' title='bbox 1852 3096 2095 3158; x_wconf 88' lang='lat' dir='ltr'>breviter,</span> <span class='ocrx_word' id='word_1_305' title='bbox 2127 3096 2244 3147; x_wconf 88' lang='lat' dir='ltr'>sub-</span> 
     </span>
     <span class='ocr_line' id='line_1_36' title="bbox 414 3177 2292 3252; baseline -0.005 -16"><span class='ocrx_word' id='word_1_306' title='bbox 414 3183 577 3236; x_wconf 85' lang='lat' dir='ltr'>ditum</span> <span class='ocrx_word' id='word_1_307' title='bbox 605 3183 693 3236; x_wconf 90' lang='lat' dir='ltr'>illa</span> <span class='ocrx_word' id='word_1_308' title='bbox 724 3185 830 3251; x_wconf 69' lang='lat' dir='ltr'>leye</span> <span class='ocrx_word' id='word_1_309' title='bbox 856 3181 1150 3252; x_wconf 90' lang='lat' dir='ltr'>simpliciter</span> <span class='ocrx_word' id='word_1_310' title='bbox 1179 3181 1412 3252; x_wconf 89' lang='lat' dir='ltr'>obligari.</span> <span class='ocrx_word' id='word_1_311' title='bbox 1473 3180 1609 3232; x_wconf 90' lang='lat' dir='ltr'>Nam</span> <span class='ocrx_word' id='word_1_312' title='bbox 1629 3182 1830 3249; x_wconf 66' lang='lat' dir='ltr'>prium,</span> <span class='ocrx_word' id='word_1_313' title='bbox 1864 3177 2106 3249; x_wconf 84' lang='lat' dir='ltr'>obligatio</span> <span class='ocrx_word' id='word_1_314' title='bbox 2129 3195 2244 3246; x_wconf 85' lang='lat' dir='ltr'>quae</span> <span class='ocrx_word' id='word_1_315' title='bbox 2271 3186 2292 3226; x_wconf 96' lang='grc'>1</span> 
     </span>
     <span class='ocr_line' id='line_1_37' title="bbox 413 3262 2243 3336; baseline -0.003 -19"><span class='ocrx_word' id='word_1_316' title='bbox 413 3265 621 3336; x_wconf 73' lang='lat' dir='ltr'>praefuit</span> <span class='ocrx_word' id='word_1_317' title='bbox 662 3265 713 3319; x_wconf 87' lang='lat' dir='ltr'>vi</span> <span class='ocrx_word' id='word_1_318' title='bbox 744 3267 910 3334; x_wconf 70' lang='lat' dir='ltr'>Leyis</span> <span class='ocrx_word' id='word_1_319' title='bbox 950 3266 1060 3317; x_wconf 88' lang='lat' dir='ltr'>Dei</span> <span class='ocrx_word' id='word_1_320' title='bbox 1102 3282 1205 3316; x_wconf 91' lang='lat' dir='ltr'>non</span> <span class='ocrx_word' id='word_1_321' title='bbox 1250 3262 1463 3333; x_wconf 90' lang='lat' dir='ltr'>impedit</span> <span class='ocrx_word' id='word_1_322' title='bbox 1500 3263 1735 3315; x_wconf 86' lang='lat' dir='ltr'>effectum</span> <span class='ocrx_word' id='word_1_323' title='bbox 1773 3262 1937 3331; x_wconf 72' lang='lat' dir='ltr'>Leyis</span> <span class='ocrx_word' id='word_1_324' title='bbox 1979 3262 2243 3321; x_wconf 70' lang='lat' dir='ltr'>humanae,</span> 
     </span>
    </p>
   </div>
   <div class='ocr_carea' id='block_1_3' title="bbox 416 3446 2243 3561">
    <p class='ocr_par' dir='ltr' id='par_1_4' title="bbox 416 3446 2243 3561">
     <span class='ocr_line' id='line_1_38' title="bbox 465 3446 2243 3499; baseline -0.003 -13"><span class='ocrx_word' id='word_1_325' title='bbox 465 3457 481 3476; x_wconf 71' lang='lat' dir='ltr'>e</span> <span class='ocrx_word' id='word_1_326' title='bbox 508 3451 598 3498; x_wconf 80' lang='grc' dir='ltr'>Χρνῐ</span> <span class='ocrx_word' id='word_1_327' title='bbox 609 3452 705 3488; x_wconf 77' lang='grc' dir='ltr'>τοὺς</span> <span class='ocrx_word' id='word_1_328' title='bbox 723 3450 864 3499; x_wconf 81' lang='grc' dir='ltr'>νόμους</span> <span class='ocrx_word' id='word_1_329' title='bbox 881 3451 954 3498; x_wconf 84' lang='grc' dir='ltr'>μὲν</span> <span class='ocrx_word' id='word_1_330' title='bbox 970 3449 1161 3487; x_wconf 74' lang='grc' dir='ltr'>τίθεσθαι</span> <span class='ocrx_word' id='word_1_331' title='bbox 1179 3454 1287 3498; x_wconf 87' lang='grc' dir='ltr'>σφο-</span> <span class='ocrx_word' id='word_1_332' title='bbox 1371 3450 1516 3487; x_wconf 83' lang='grc' dir='ltr'>ἐκεῖνοι</span> <span class='ocrx_word' id='word_1_333' title='bbox 1536 3447 1940 3487; x_wconf 66' lang='grc' dir='ltr'>κελεύουσι.-Ῑεωιιε</span> <span class='ocrx_word' id='word_1_334' title='bbox 1951 3458 2015 3495; x_wconf 87' lang='lat' dir='ltr'>ap.</span> <span class='ocrx_word' id='word_1_335' title='bbox 2030 3446 2243 3492; x_wconf 82' lang='lat' dir='ltr'>Stobaeum,</span> 
     </span>
     <span class='ocr_line' id='line_1_39' title="bbox 416 3508 1819 3561; baseline 0 -14"><span class='ocrx_word' id='word_1_336' title='bbox 416 3512 529 3559; x_wconf 77' lang='grc' dir='ltr'>ὁρῶς,</span> <span class='ocrx_word' id='word_1_337' title='bbox 570 3512 812 3561; x_wconf 78' lang='grc' dir='ltr'>πρᾳοτέρως</span> <span class='ocrx_word' id='word_1_338' title='bbox 853 3512 894 3549; x_wconf 83' lang='grc' dir='ltr'>δὲ</span> <span class='ocrx_word' id='word_1_339' title='bbox 938 3511 1128 3559; x_wconf 79' lang='grc' dir='ltr'>κολάζειν</span> <span class='ocrx_word' id='word_1_340' title='bbox 1168 3511 1193 3556; x_wconf 82' lang='grc' dir='ltr'>ἢ</span> <span class='ocrx_word' id='word_1_341' title='bbox 1237 3512 1290 3549; x_wconf 77' lang='grc' dir='ltr'>ὠς</span> <span class='ocrx_word' id='word_1_342' title='bbox 1373 3512 1581 3561; x_wconf 86' lang='lat' dir='ltr'>[Florileg.</span> <span class='ocrx_word' id='word_1_343' title='bbox 1602 3523 1641 3549; x_wconf 83' lang='grc' dir='ltr'>Τ.</span> <span class='ocrx_word' id='word_1_344' title='bbox 1658 3512 1720 3548; x_wconf 80' lang='grc'>48.</span> <span class='ocrx_word' id='word_1_345' title='bbox 1739 3508 1819 3556; x_wconf 86' lang='grc'><strong>25.]</strong></span> 
     </span>
    </p>
   </div>
   <div class='ocr_carea' id='block_1_4' title="bbox 418 3636 2246 3770">
    <p class='ocr_par' dir='ltr' id='par_1_5' title="bbox 418 3636 2246 3770">
     <span class='ocr_line' id='line_1_40' title="bbox 506 3636 2245 3697; baseline -0.003 -15"><span class='ocrx_word' id='word_1_346' title='bbox 506 3644 546 3682; x_wconf 91' lang='grc'>9.</span> <span class='ocrx_word' id='word_1_347' title='bbox 611 3640 766 3683; x_wconf 85' lang='lat' dir='ltr'><strong>THIRD</strong></span> <span class='ocrx_word' id='word_1_348' title='bbox 787 3640 970 3684; x_wconf 82' lang='lat' dir='ltr'><strong>DOUBT.</strong></span> <span class='ocrx_word' id='word_1_349' title='bbox 1034 3640 1100 3684; x_wconf 83' lang='lat' dir='ltr'>Of</span> <span class='ocrx_word' id='word_1_350' title='bbox 1123 3640 1296 3697; x_wconf 84' lang='lat' dir='ltr'>Things</span> <span class='ocrx_word' id='word_1_351' title='bbox 1322 3640 1594 3697; x_wconf 78' lang='lat' dir='ltr'>Necessary.</span> <span class='ocrx_word' id='word_1_352' title='bbox 1658 3638 1709 3681; x_wconf 87' lang='lat' dir='ltr'>If</span> <span class='ocrx_word' id='word_1_353' title='bbox 1727 3651 1756 3680; x_wconf 90' lang='lat' dir='ltr'>a</span> <span class='ocrx_word' id='word_1_354' title='bbox 1782 3636 1971 3679; x_wconf 88' lang='lat' dir='ltr'>Human</span> <span class='ocrx_word' id='word_1_355' title='bbox 1990 3636 2101 3679; x_wconf 88' lang='lat' dir='ltr'>Law</span> <span class='ocrx_word' id='word_1_356' title='bbox 2122 3648 2245 3678; x_wconf 91' lang='lat' dir='ltr'>com-</span> 
     </span>
     <span class='ocr_line' id='line_1_41' title="bbox 418 3706 2246 3770; baseline -0.001 -21"><span class='ocrx_word' id='word_1_357' title='bbox 418 3709 581 3752; x_wconf 84' lang='lat' dir='ltr'>mands</span> <span class='ocrx_word' id='word_1_358' title='bbox 620 3710 743 3754; x_wconf 87' lang='lat' dir='ltr'>what</span> <span class='ocrx_word' id='word_1_359' title='bbox 781 3724 873 3755; x_wconf 86' lang='lat' dir='ltr'>was</span> <span class='ocrx_word' id='word_1_360' title='bbox 911 3710 1075 3756; x_wconf 86' lang='lat' dir='ltr'>before</span> <span class='ocrx_word' id='word_1_361' title='bbox 1108 3711 1305 3770; x_wconf 58' lang='lat' dir='ltr'>moran)r</span> <span class='ocrx_word' id='word_1_362' title='bbox 1343 3724 1602 3769; x_wconf 86' lang='lat' dir='ltr'>necessary,</span> <span class='ocrx_word' id='word_1_363' title='bbox 1640 3723 1694 3753; x_wconf 89' lang='lat' dir='ltr'>or</span> <span class='ocrx_word' id='word_1_364' title='bbox 1724 3706 1952 3766; x_wconf 72' lang='lat' dir='ltr'>prohibite</span> <span class='ocrx_word' id='word_1_365' title='bbox 1996 3706 2119 3750; x_wconf 86' lang='lat' dir='ltr'>what</span> <span class='ocrx_word' id='word_1_366' title='bbox 2155 3717 2246 3748; x_wconf 87' lang='lat' dir='ltr'>was</span> 
     </span>
    </p>
   </div>
  </div>
 </body>
</html>
