2482 4166
1186 501 1222 574 I
1241 500 1306 574 N
1322 501 1391 575 D
1408 500 1468 574 E
1485 501 1556 573 X

939 673 1302 727 NOMINUM
1360 674 1454 725 ET
1514 673 1795 726 RERUM.

866 1009 906 1046 A

449 1072 708 1110 ABIMELEGI
741 1070 783 1108 in
817 1069 992 1109 Abrahae
1023 1084 1146 1110 uxore
1180 1074 1330 1110 factum

499 1135 549 1172 iv.
568 1137 627 1172 13.

448 1197 729 1235 ABRAHAMUS
747 1197 787 1234 in
803 1196 919 1245 Rege
938 1197 1199 1234 Sodomorum
1215 1210 1251 1235 v.
1268 1199 1329 1236 20.

499 1261 583 1309 ejus
602 1261 828 1298 obedientia
845 1260 899 1297 vi.
920 1262 980 1297 12.

450 1322 689 1367 Academiae,
720 1333 856 1358 earum
881 1324 1032 1358 statuta
1054 1321 1221 1370 rogandi
1249 1320 1331 1369 pri-

499 1385 688 1433 vilegium
715 1395 753 1420 v.
781 1382 842 1421 36.
895 1394 1029 1420 earum
1054 1383 1164 1431 leges
1194 1383 1330 1431 quales

500 1448 565 1485 vii.
585 1449 648 1485 28.

452 1511 580 1548 Actus
612 1512 756 1557 bonus,
790 1511 841 1547 ad
876 1510 960 1560 ejus
993 1509 1329 1557 complementum

501 1584 590 1620 quae
630 1572 884 1619 requirantur
926 1571 1172 1608 conditiones
1212 1569 1254 1606 ii.
1290 1570 1327 1608 9.

501 1633 607 1669 unde
644 1636 812 1669 vocetur
840 1633 969 1669 bonus
1010 1632 1073 1669 vel
1113 1632 1240 1668 malus
1276 1631 1327 1667 ib.

502 1707 582 1733 non
610 1695 753 1731 sufficit
779 1695 830 1731 ad
855 1694 1075 1730 bonitatem
1104 1693 1200 1741 ejus,
1224 1693 1332 1741 quod

502 1759 553 1795 sit
579 1757 746 1805 alicujus
768 1757 842 1794 viri
869 1757 1003 1794 Sancti
1034 1756 1215 1803 exemplo
1238 1767 1332 1791 con-

501 1820 639 1857 formis
655 1820 709 1856 iii.
728 1821 789 1856 24.
841 1831 922 1855 non
948 1818 999 1854 ad
1022 1818 1176 1854 incerta
1200 1818 1330 1854 homi—

502 1894 597 1919 num
616 1882 797 1929 exempla
815 1881 1032 1929 exigendus
1048 1879 1102 1915 iii.
1123 1881 1183 1916 11.
1236 1891 1333 1927 qua-

501 1946 550 1983 lis
587 1945 691 1982 actio
723 1945 774 1981 ad
807 1944 976 1993 gloriam
1009 1942 1111 1987 DEI,
1142 1944 1333 1989 tanquam

501 2009 633 2053 finem,
646 2008 843 2045 referatur
859 2006 901 2043 ii.
920 2004 981 2043 16.
1014 2007 1128 2040 actus
1142 2003 1334 2040 virtutum

502 2074 544 2109 et
571 2070 756 2107 vitiorum
785 2068 938 2106 externi
969 2070 1010 2104 et
1036 2066 1185 2102 interni
1210 2065 1263 2101 ix.
1297 2065 1333 2104 6.

503 2134 679 2170 omnium
699 2133 893 2169 virtutum
918 2132 1032 2166 actus
1058 2128 1213 2166 externi
1240 2139 1335 2177 pos-

505 2199 598 2233 sunt
626 2207 710 2232 esse
740 2194 874 2231 debita
899 2193 1001 2241 legis
1032 2192 1199 2228 materia
1220 2191 1273 2227 ix.
1294 2191 1330 2229 7.

503 2262 663 2296 actuum
671 2256 995 2294 intermediorum
1007 2255 1335 2302 adaequatamen-

505 2332 598 2357 sura
627 2332 716 2369 quae
747 2319 798 2355 sit
824 2318 880 2355 ix.
908 2318 946 2354 5.
1002 2319 1115 2353 actus
1148 2316 1244 2352 boni
1273 2316 1337 2353 vel

504 2383 599 2420 mali
629 2382 830 2430 quantitas
861 2379 1145 2427 correspondet
1176 2379 1335 2426 quanti-

504 2444 581 2482 tati
604 2444 719 2480 bonae
747 2442 812 2479 vel
838 2441 952 2477 malae
978 2440 1211 2476 intentionis
1239 2440 1279 2476 ii.
1299 2442 1335 2476 4.

504 2510 616 2544 actus
635 2505 762 2542 omnis
780 2503 970 2553 supponit
983 2503 1024 2539 in
1038 2506 1183 2551 agente
1194 2506 1337 2551 poten-

507 2569 603 2606 tiam
623 2568 697 2605 sibi
714 2567 1058 2616 proportionatam
1075 2565 1139 2601 vii.
1159 2567 1221 2603 12.

456 2631 659 2678 Anninus,
674 2630 757 2678 ejus
769 2630 904 2677 lapsus
917 2629 1051 2665 lumen
1069 2628 1260 2665 naturalis
1272 2639 1340 2663 ra-

506 2693 625 2730 tionis
660 2692 776 2727 nimis
804 2690 1028 2727 obscuravit
1054 2690 1106 2727 iv.
1134 2689 1195 2726 15.
1246 2690 1338 2737 lege

508 2755 641 2792 divina
670 2753 870 2801 obligatus
893 2755 933 2788 et
961 2752 1011 2787 ad
1036 2762 1195 2799 poenam
1222 2755 1262 2788 et
1287 2752 1338 2787 ad

512 2817 670 2865 culpam
688 2815 767 2852 viii.
789 2816 853 2851 24.

459 2879 665 2927 ἀδιάφορα
693 2889 782 2926 quae
806 2877 886 2913 sint
913 2876 939 2912 i.
958 2877 1033 2923 223
1060 2875 1108 2913 vi.
1133 2877 1194 2913 22.
1245 2878 1338 2912 sunt

507 2941 675 2978 materia
703 2940 838 2988 legum
869 2938 1075 2987 aptissima
1103 2950 1139 2975 v.
1167 2939 1242 2985 233
1284 2937 1336 2974 vi.

509 3006 571 3050 15,
591 3008 654 3042 22.

460 3068 701 3116 Adaequatio
731 3066 907 3104 excludit
937 3065 1214 3103 necessitatem
1244 3076 1339 3113 sup-

510 3130 703 3180 plementi
720 3130 771 3168 iv.
791 3131 850 3167 14.

461 3193 687 3232 Admiratio
706 3203 886 3241 personae
903 3191 1008 3228 unde
1026 3190 1079 3226 iii.
1095 3191 1156 3228 30.

462 3256 759 3295 Advocationes
775 3255 862 3303 (An
866 3254 982 3302 glice,
1001 3251 1250 3299 advowsons)
1263 3252 1342 3288 Ec-

512 3319 715 3356 clesiarum
748 3316 986 3353 auctoritate
1017 3314 1343 3353 Parliamentaria

513 3380 663 3416 dudum
682 3378 842 3415 sancitae
864 3377 925 3414 vii.
945 3378 1006 3413 24.

463 3440 672 3488 AEqustas,
705 3439 801 3487 quid
830 3450 868 3474 X.
898 3437 960 3475 16.
1013 3437 1172 3485 quando
1205 3437 1344 3474 cedere

514 3503 658 3539 debeat
667 3501 835 3550 justitiae
853 3500 975 3548 legali
993 3499 1045 3536 ib.

465 3563 728 3601 Aldermanni
786 3566 827 3599 et
887 3561 1061 3609 Majores
1118 3559 1347 3609 (stIayors),

517 3626 636 3673 quale
654 3637 790 3662 eorum
808 3624 987 3673 regimen
1005 3623 1069 3660 vii.
1088 3623 1123 3661 7.

468 3687 745 3726 ALEXANDER
763 3688 864 3733 Rex,
876 3689 968 3735 post
980 3689 1149 3724 mortem
1163 3685 1246 3734 ejus
1257 3685 1348 3722 lites

520 3749 569 3785 de
585 3760 710 3797 regno
727 3762 762 3788 v.
780 3750 842 3788 15.

1413 1010 1593 1061 ἀμετρία
1610 1014 1686 1056 τῆς
1704 1010 1906 1056 ἀνθολκῆς
1922 1022 1960 1048 v.
1979 1009 2015 1048 6.

1413 1074 1703 1123 Anabaptistae,
1721 1085 1857 1111 eorum
1870 1072 1994 1111 libelli
2010 1072 2065 1110 iii.
2077 1072 2135 1111 15.
2161 1071 2289 1121 μετ-α’-

1462 1138 1585 1184 βασις
1605 1137 1660 1174 εἰς
1675 1135 1787 1173 ἄλλο
1807 1135 1926 1184 ’γένος
1942 1148 1979 1173 v.
1997 1137 2061 1174 32.
2112 1147 2222 1172 error
2239 1136 2289 1174 de

1462 1199 1599 1247 legum
1625 1200 1886 1236 humanarum
1913 1197 2146 1236 necessitate
2163 1210 2200 1234 v.
2218 1199 2290 1245 35;

1462 1262 1515 1299 ix.
1534 1265 1571 1309 2,
1588 1265 1622 1300 3.
1663 1263 1889 1311 impietates
1906 1274 1945 1299 x.
1963 1262 2002 1299 5.
2046 1261 2131 1299 zelo
2150 1262 2290 1299 divinae

1462 1325 1600 1374 gloriae
1627 1325 1783 1373 abrepti
1812 1336 1931 1373 quam
1959 1325 2157 1363 horrenda
2184 1325 2291 1362 facta

1463 1388 1659 1425 ediderint
1676 1387 1716 1424 ii.
1736 1388 1798 1425 15.
1836 1387 2163 1436 Anabaptisticus
2180 1389 2292 1425 furor

1462 1451 1514 1489 iv.
1544 1450 1604 1488 17.
1657 1453 1698 1487 et
1725 1450 1954 1499 importuna
1979 1454 2216 1500 argumenta
2242 1452 2292 1488 de

1462 1514 1604 1551 ritibus
1640 1513 1926 1550 Ecclesiasticis
1956 1513 2008 1550 ib.
2035 1515 2095 1551 18.
2155 1525 2290 1551 eorum

1463 1577 1645 1613 delirium
1663 1589 1698 1613 v.
1717 1577 1780 1614 35.
1823 1587 1904 1612 non
1932 1575 2008 1612 nisi
2032 1575 2124 1613 fidei
2155 1575 2288 1624 legem

1463 1638 1684 1674 admittunt
1701 1638 1756 1674 iv.
1776 1637 1839 1675 27.

1412 1698 1663 1737 Ἀνακείσθαι
1682 1700 1776 1748 quid
1794 1700 1989 1748 significet
2005 1700 2059 1736 iii.
2079 1701 2136 1739 19.

1414 1761 1615 1810 Analogia
1656 1762 1846 1798 naturalis
1879 1765 1919 1799 et
1953 1762 2075 1798 civilis
2115 1762 2291 1810 corporis

1463 1836 1501 1860 x.
1522 1826 1591 1870 103
1616 1824 1672 1862 ix.
1698 1826 1760 1868 12,
1789 1825 1848 1869 14,
1875 1823 1937 1862 16.
1985 1823 2224 1861 naturalium
2251 1827 2293 1860 et

1463 1886 1673 1923 moralium
1690 1899 1724 1923 v.
1744 1888 1802 1924 10.

1416 1949 1574 1995 Anima,
1593 1949 1644 1985 ad
1661 1960 1747 1985 eam
1765 1948 1968 1997 pertinent
1981 1949 2189 1995 Potentiae,
2208 1948 2292 1986 Ha-

1464 2011 1572 2048 bitus
1598 2014 1640 2049 et
1665 2012 1795 2049 Actus
1811 2012 1840 2049 i.
1857 2012 1895 2050 9.
1946 2024 2078 2049 secum
2104 2016 2293 2060 apportat

1466 2073 1616 2110 semina
1646 2074 1885 2122 cognitionis
1915 2074 2019 2111 Boni
2046 2077 2087 2111 et
2116 2074 2215 2111 Mali
2238 2074 2292 2112 ib.

1466 2137 1527 2175 19.
1579 2137 1628 2173 de
1660 2137 1912 2173 intellectivae
1944 2136 2134 2185 potentiis
2172 2148 2294 2184 quare

1467 2198 1652 2235 intricata
1669 2198 1720 2235 sit
1738 2198 1865 2234 omnis
1883 2197 2103 2246 disquisitio
2121 2197 2173 2233 ib.
2195 2198 2254 2234 28.

1418 2260 1580 2309 Angliae
1613 2260 1761 2309 Reges,
1802 2260 2000 2308 quomodo
2033 2259 2295 2307 legislativam

1467 2325 1708 2371 potestatem
1732 2323 1980 2360 exercuerint
2003 2321 2071 2360 vii.
2096 2323 2157 2360 23.
2208 2321 2296 2359 An-

1467 2384 1573 2433 glica
1588 2385 1723 2432 legum
1749 2385 2046 2421 sanciendamm
2074 2383 2176 2419 ratio
2199 2383 2295 2420 Rei-

1467 2446 1636 2494 publicae
1655 2446 1836 2482 salutaris
1853 2446 1905 2482 ib.
1924 2445 1984 2483 27.
2022 2445 2129 2493 apud
2140 2444 2296 2493 Anglos

1470 2508 1660 2557 Majestas
1677 2509 1789 2557 regia
1806 2519 1990 2557 suprema
2006 2508 2071 2545 vii.
2089 2507 2127 2546 7.

1420 2571 1642 2617 Antinomi‚
1657 2583 1794 2608 eorum
1810 2572 2001 2608 usitatum
2018 2570 2157 2607 vitium
2175 2581 2214 2606 v.
2231 2570 2295 2606 32.

1470 2646 1549 2670 non
1568 2634 1644 2670 nisi
1659 2634 1752 2671 fidei
1768 2634 1901 2682 legem
1915 2632 2132 2669 admittunt
2148 2631 2200 2668 iv.
2220 2630 2283 2668 27.

1420 2696 1717 2744 Argumentum
1730 2697 1878 2746 afacto
1889 2695 2015 2742 adjus
2025 2694 2153 2731 debile
2163 2693 2225 2730 vii.
2236 2693 2297 2731 19.

1420 2758 1730 2795 Aristocraticus
1756 2761 1883 2795 status
1903 2758 1964 2794 vii.
1986 2758 2025 2795 7.
2079 2756 2166 2805 ejus
2190 2755 2302 2804 regi-v

1468 2830 1559 2855 men
1577 2831 1601 2855 a
1619 2819 1761 2866 quibus
1778 2819 2051 2855 introductum
2069 2819 2121 2855 ib.
2142 2817 2204 2855 16.
2246 2827 2298 2853 an

1467 2881 1586 2917 liceat
1625 2880 1666 2915 in
1707 2880 2014 2916 democraticum
2054 2882 2298 2916 commutare

1469 2943 1524 2979 ix.
1546 2943 1610 2980 15.

1420 3005 1721 3042 Amsrorsmis
1739 3004 1780 3042 ii.
1799 3004 1841 3050 53
1858 3003 1908 3040 vi.
1928 3003 1995 3050 413
2013 3002 2080 3040 vii.
2102 3004 2168 3048 103
2186 3001 2238 3038 ix.
2253 3001 2290 3048 73

1470 3080 1508 3104 x.
1530 3067 1592 3105 19.
1611 3067 1851 3115 ’τραυλότης
1868 3066 1953 3114 ejus
1969 3066 2124 3102 imitata
2140 3065 2195 3102 iii.
2215 3066 2276 3101 14.

1422 3130 1661 3175 Anmmns,
1681 3128 1765 3176 ejus
1783 3131 1998 3165 sectatores
2015 3128 2072 3165 iii.
2090 3127 2152 3166 29.

1424 3193 1745 3238 ATHENJENSES,
1767 3202 1904 3228 eorum
1924 3190 2066 3228 δέλτοι
2088 3202 2119 3226 s·
2141 3189 2302 3238 κύρβεις

1472 3254 1549 3292 viii.
1568 3256 1605 3290 2.

1424 3316 1656 3353 Auctoritas
1673 3315 1767 3352 boni
1784 3314 1857 3352 viri
1877 3326 1956 3351 non
1969 3314 2112 3351 sufficit
2124 3314 2174 3350 ad
2194 3313 2301 3351 Con-

1474 3378 1647 3415 scientiae
1683 3378 1936 3415 securitatem
1961 3377 2015 3414 iii.
2042 3379 2078 3414 1.
2129 3377 2303 3415 auctori-

1473 3441 1568 3477 tatis
1586 3440 1810 3488 praecipuus
1827 3452 1921 3476 usus
1940 3440 2027 3488 quis
2043 3440 2094 3477 iv.
2111 3440 2175 3478 29.

1427 3501 1745 3549 Αὐτοκρατορία
1764 3512 1887 3549 penes
1905 3513 2005 3550 quos
2022 3501 2074 3539 sit
2092 3502 2161 3539 vii.
2181 3503 2218 3540 7.

1427 3564 1664 3610 Axiomata3

1480 3624 1698 3663 Contraria
1714 3626 1930 3663 contrariis
1946 3625 2084 3662 curari
2100 3625 2139 3662 ii.
2158 3627 2223 3663 21.

1478 3687 1632 3725 Bonum
1657 3699 1704 3724 επ
1732 3699 1856 3725 causa
1882 3688 2047 3736 inteqra,
2074 3686 2232 3724 Malum
2255 3697 2302 3723 ex

1528 3749 1698 3797 quolibet
1714 3749 1863 3798 ἄφατα
1880 3749 1917 3789 ii.
1931 3750 1976 3798 93
1993 3750 2041 3788 vi.
2058 3750 2120 3787 25.
