2482 4166
797 256 1180 304 PRAELEOTIO
1223 256 1516 305 SEPTIMA.
1975 255 2080 307 223

244 391 340 446 sibi
382 389 493 444 vias
534 387 719 459 quibus
756 388 825 441 ad
874 389 1095 458 imperii
1144 389 1350 440 culmen
1390 387 1757 441 ascenderetur
1799 390 2082 460 moliente,)

246 473 531 542 tyrannidi
562 471 758 541 pariter
788 476 841 523 et
866 471 1232 540 popularibus
1259 471 1459 523 studiis
1498 469 1870 540 opportuniora
1897 472 2083 525 exinde

244 555 383 608 facta
411 560 531 606 sunt
559 552 743 606 omnia.
834 552 937 615 Qui
972 551 1106 604 enim
1135 551 1238 604 alia
1264 569 1419 621 quam
1453 553 1733 621 Leyitima
1761 555 2088 619 successione

244 635 514 707 imperium
553 634 802 696 obtinent,
847 651 950 686 uno
997 652 1026 686 e
1068 633 1234 687 tribus
1271 633 1437 686 modis
1474 634 1543 687 ad
1582 653 1750 706 regna
1792 636 2085 705 promoveri

245 736 451 772 necesse
480 723 581 770 est:
613 723 705 769 aut
733 727 929 786 aperta
950 718 1022 778 vi,
1052 723 1106 769 et
1129 715 1434 768 militaribus
1463 716 1640 779 armis;
1672 724 1764 770 aut
1784 719 2087 785 fraudibus

247 808 301 853 et
339 807 486 862 astu3
534 805 625 852 aut
666 799 830 852 libera
869 799 1074 851 demum
1112 799 1372 851 electione.
1464 798 1568 861 Qui
1604 798 1658 851 vi
1701 806 1754 852 et
1788 799 1945 852 armis
1987 799 2086 852 sibi

248 882 595 953 quaesiverunt
622 880 910 951 imperium,
930 880 1037 934 sive
1065 899 1217 933 mera
1244 883 1596 951 usurpatione
1622 880 1731 934 sine
1760 882 1931 952 aliquo
1953 881 2087 952 juris

247 971 510 1035 praetextu
545 964 600 1016 id
636 964 829 1016 factum
867 962 1041 1025 fuerit,
1078 962 1188 1015 sive
1219 964 1350 1015 bello
1381 964 1531 1031 justo
1564 963 1799 1016 hostibus
1833 983 1864 1017 a
1902 965 2087 1034 quibus

247 1046 437 1116 injuste
464 1044 685 1098 lacessiti
714 1051 834 1097 sunt
861 1044 1020 1110 illato,
1053 1044 1271 1113 (utrovis
1302 1045 1436 1097 enim
1466 1046 1617 1099 modo
1638 1046 1749 1099 fieri
1778 1047 2031 1118 contingit
2052 1049 2087 1115 :)

247 1129 343 1181 hos
372 1128 527 1182 etiam
553 1134 750 1180 certum
779 1134 873 1190 est,
904 1127 1264 1181 auctoritatem
1295 1146 1438 1180 suam
1467 1128 1626 1181 nihilo
1662 1129 1825 1201 magis
1854 1132 2090 1182 subditis

216 1238 218 1251 ÷
250 1211 354 1264 suis
395 1211 601 1273 debere,
634 1228 786 1280 quam
823 1210 909 1280 qui
925 1211 1053 1279 jure
1082 1212 1433 1263 haereditario
1462 1210 1516 1262 in
1556 1229 1722 1283 regna
1750 1211 1892 1265 avita
1920 1230 2089 1264 succe-

251 1294 397 1347 dunt.
487 1293 624 1357 Quin
667 1292 827 1345 multo
871 1293 1027 1345 etiam
1076 1292 1276 1346 minus:
1318 1292 1623 1362 inquantum
1665 1293 1750 1346 isti
1793 1296 2089 1347 volentibus

252 1378 457 1429 civibus
484 1383 538 1429 et
563 1374 693 1447 jugo
721 1375 952 1437 assuetiS,
992 1374 1066 1427 illi
1094 1377 1286 1428 invitis
1323 1382 1376 1428 et
1416 1375 1479 1442 (si
1507 1375 1794 1429 resistendo
1829 1394 1982 1446 pares
2011 1395 2089 1429 es-

251 1460 387 1527 sent)
423 1476 718 1529 repugnare
754 1457 951 1527 paratis
983 1456 1327 1510 dominantur.
1415 1459 1559 1529 Ergo
1594 1477 1689 1510 nee
1721 1459 1970 1511 hactenus
1999 1476 2090 1529 ap-

251 1548 439 1612 parent
465 1541 517 1592 in
547 1539 859 1592 conferenda
885 1558 1096 1592 summa
1114 1549 1398 1608 potestate,
1430 1539 1607 1609 populi
1635 1540 1753 1592 ullae
1782 1547 1975 1610 partes.

377 1623 582 1676 XVIII.
670 1621 743 1673 At
771 1620 824 1672 in
851 1621 1159 1673 stabilienda
1193 1639 1371 1673 eorum
1408 1628 1681 1691 potestate,
1714 1622 1802 1692 qui
1843 1626 2090 1692 tyranni-

251 1708 369 1764 dem
402 1724 507 1774 per
545 1705 728 1757 dolum
770 1714 1049 1773 occupant,
1090 1702 1274 1775 negari
1312 1721 1415 1755 non
1453 1710 1639 1773 potest,
1672 1707 1939 1775 populum
1974 1724 2093 1758 suas

251 1788 446 1841 habere
467 1793 658 1858 parteS,
683 1803 871 1855 easque
900 1785 1204 1855 praecipuas,
1262 1785 1442 1838 Solent
1470 1785 1605 1838 enim
1628 1787 1715 1857 qui
1746 1790 2092 1857 tyrannidem

251 1870 510 1932 affectant,
541 1869 767 1922 animum
796 1867 1046 1939 imprimis
1074 1868 1140 1920 ad
1154 1870 1411 1937 savorem
1438 1871 1795 1937 popularium
1823 1870 2092 1922 concilian-

253 1952 375 2006 dum
416 1952 715 2013 intendere;
761 1945 1074 2020 ipotentiam
1122 1969 1185 2003 esc
1227 1953 1378 2019 vulyi
1421 1953 1738 2004 adulatione
1784 1963 2088 2022 quaerentes.

253 2035 466 2088 Affatim
492 2034 645 2105 hujus
663 2034 741 2086 rei
770 2033 1122 2103 exemplorum
1145 2032 1477 2102 suppeditant
1499 2033 1836 2102 plurimarum
1858 2035 2092 2106 gentium

253 2117 498 2170 historiae.
586 2116 744 2186 Apud
782 2134 941 2168 unum
990 2117 1161 2182 Troyi
1196 2114 1626 2178 abbreviatorem,
1671 2116 1857 2186 quibus
1891 2117 2092 2170 artibus

253 2193 623 2252 kPisistratus
652 2196 1058 2259 Atheniensium,
1098 2191 1530 2249 ¹Heraoliensium
1568 2200 1873 2262 Clearchus,
1904 2202 2093 2253 mDio-

254 2283 443 2351 nysius
472 2282 666 2350 junior
711 2280 1014 2341 Siculorum,
1060 2279 1148 2331 alii
1190 2279 1406 2331 aliorum
1445 2281 1751 2350 populorum
1789 2282 1997 2335 turbam
2040 2282 2093 2335 in

255 2382 374 2418 suas
401 2371 579 2435 partes
616 2362 937 2433 pellexerint,
975 2361 1208 2432 reperire
1236 2369 1330 2415 est.
1418 2364 1717 2417 Invidiosis
1755 2367 2094 2418 orationibus

256 2447 479 2499 credulae
518 2444 857 2499 multitudinis
893 2443 1089 2496 animos
1124 2444 1374 2497 adversus
1411 2448 1638 2514 optimos
1677 2465 1906 2517 quosque
1952 2450 2093 2501 cives

256 2529 542 2591 concitare3
586 2527 830 2580 nonnulla
859 2528 1075 2597 publice
1118 2528 1405 2580 laudanda
1434 2534 1487 2580 et
1526 2546 1642 2598 quae
1678 2529 1898 2598 speciem
1935 2530 2093 2582 habe-

255 2618 376 2664 rent
420 2612 724 2673 clementioe,
759 2610 1012 2679 justitiae,
1057 2615 1111 2661 et
1148 2608 1202 2660 in
1235 2609 1440 2679 plebem
1478 2611 1842 2680 beniynitatis,
1886 2612 2092 2674 facere3

257 2711 406 2746 omne
446 2711 609 2766 genus
636 2694 923 2745 blanditiis
951 2708 1012 2744 ao
1046 2693 1423 2753 delinimentis,
1455 2692 1638 2761 quibus
1677 2693 1843 2765 decipi
1871 2701 2012 2747 amat
2041 2701 2095 2747 et

257 2775 387 2829 solet
414 2778 620 2845 vulyus,
651 2774 706 2827 in
734 2773 920 2827 civium
948 2774 1161 2826 affectus
1190 2791 1246 2826 se
1279 2773 1557 2837 insinuare,
1588 2775 1731 2829 velut
1756 2778 1998 2846 publicae
2029 2778 2094 2830 li·

259 2860 483 2911 bertatis
508 2857 683 2910 unicos
711 2857 913 2910 futuros
946 2863 1245 2918 assertores„
1277 2855 1504 2910 vindices
1533 2865 1587 2911 et
1615 2865 1890 2929 patronos3
1932 2861 2096 2912 simu-

259 2941 394 2993 latio
423 2938 584 3002 officii,
615 2940 811 2993 crebrae
820 2940 1264 3009 pollicitationes,
1288 2937 1479 3009 injecta
1508 2959 1626 3010 spes
1653 2940 1937 2993 feliciorum
1966 2947 2097 2993 tem-

256 3040 441 3091 porum
484 3030 538 3075 et
579 3022 841 3075 mutandae
881 3021 936 3072 in
975 3020 1155 3073 melius
1193 3020 1513 3090 publicarum
1552 3040 1729 3075 rerum
1768 3021 2098 3075 administra-

257 3103 442 3157 tionis:
483 3105 566 3156 hae
608 3103 849 3156 nimirum
888 3109 1010 3155 sunt
1051 3102 1277 3174 egregiae
1315 3104 1429 3156 illoe
1468 3115 1628 3167 artes,
1674 3103 1858 3174 quibus
1897 3104 1987 3175 qui
2028 3104 2097 3156 ad

268 3302 270 3305 v
308 3285 319 3312 ¹
345 3284 496 3322 Justin.
513 3283 620 3321 Hist.
642 3284 730 3322 Lib.
750 3296 853 3324 X111.
872 3298 960 3335 cap.
977 3287 1036 3325 iii.
1268 3286 1279 3314 ¹
1306 3288 1368 3326 Ib.
1386 3288 1476 3325 Lib.
1496 3297 1589 3323 XVI.
1607 3296 1695 3333 cap.
1713 3284 1765 3322 iv.

308 3345 328 3373 k
358 3348 421 3384 Ib.
439 3347 526 3384 Lib.
549 3357 595 3384 11.
614 3358 699 3395 cap.
720 3348 799 3385 viii.
1266 3356 1294 3376 m
1318 3350 1379 3386 Ib.
1393 3349 1482 3387 Lib.
1501 3358 1598 3386 XXI.
1619 3358 1705 3395 cap.
1722 3346 1750 3385 i.

352 3477 421 3516 18.
487 3471 671 3523 Second,
706 3473 820 3517 Men
858 3473 977 3518 have
1012 3475 1235 3532 acquired
1271 3475 1353 3519 the
1384 3487 1602 3533 supreme
1636 3486 1794 3531 power
1829 3473 1893 3532 by
1921 3474 2094 3519 Fraud.

262 3542 369 3589 And
397 3543 511 3586 here
542 3557 610 3587 we
638 3548 810 3588 cannot
840 3545 964 3603 deny
994 3546 1098 3590 that
1137 3546 1220 3590 the
1255 3546 1467 3604 People’s
1500 3545 1631 3589 voice
1662 3558 1774 3602 goes
1804 3544 1881 3588 for
1910 3559 1940 3589 a
1966 3551 2100 3603 great

262 3614 381 3658 deal.
459 3614 554 3658 For
579 3614 713 3659 those
734 3615 837 3660 who
866 3617 976 3661 seek
1004 3622 1054 3661 to
1079 3617 1275 3662 become
1307 3618 1524 3676 Tyrants,
1553 3620 1688 3660 court
1715 3616 1808 3659 and
1832 3616 1992 3661 fiatter
2016 3617 2099 3661 the

262 3685 454 3743 People.
542 3686 637 3729 For
676 3686 757 3731 the
803 3689 1051 3746 examples,
1086 3689 1373 3741 Pisistratus,
1418 3687 1682 3739 Clearchus,
1726 3688 1978 3746 Dionysius
2015 3689 2099 3733 tho

263 3757 499 3814 Younger,
520 3757 613 3800 and.
633 3757 757 3802 their
775 3760 1095 3817 proceedings,
1117 3774 1195 3805 see
1220 3760 1301 3805 the
1324 3764 1437 3813 text,
1453 3759 1547 3803 and
1568 3758 1648 3803 the
1669 3772 1883 3816 passages
1905 3760 2096 3817 quoted.
