2482 4166
897 248 1281 294 PRAELECTIO
1324 249 1547 295 SEXTA.
1634 252 1642 253 ’
2040 246 2143 299 183

304 388 405 439 Da
440 383 668 443 veniam,
714 383 1023 449 Imperator
1042 380 1077 432 .·’
1105 389 1164 431 tu
1199 396 1468 432 carcerem
1487 397 1506 431 .·
1548 378 1642 431 ille
1681 380 1975 449 ychermam
1995 400 2012 434 .·
2058 382 2143 436 Sic

305 466 425 518 olim
454 471 657 517 veteres
682 462 755 515 illi
785 461 1082 514 Christiani.
1164 460 1249 514 Sic
1278 467 1401 513 ante
1430 478 1518 513 eos
1547 460 1740 513 domini
1781 462 1818 514 J
1822 479 1912 514 esu
1943 463 2140 517 Christi

304 546 555 618 Apostoli,
588 549 945 616 20porteatne
972 546 1121 598 vobis
1148 547 1328 613 mayis
1362 546 1624 597 obaudire
1664 563 1830 614 quam.
1867 547 2002 607 Deo,
2032 547 2146 615 ipsi

293 631 542 699 judicate
563 649 580 683 .·
623 636 677 682 et
704 635 825 681 ante
855 645 943 680 eos
972 626 1126 680 etiam
1157 626 1372 679 Hebraei
1400 627 1767 690 adolescenteS,
1799 629 2032 681 ειΝοτίιτη
2069 630 2143 681 sit

307 714 409 766 tibi
437 715 570 775 Rex,
602 713 744 783 quod
773 712 1017 764 nolumus
1045 712 1282 763 adorare
1309 712 1604 780 imayinem
1632 728 1859 764 auream
1888 729 2054 781 quam
2085 721 2143 763 tu

306 797 540 849 erexisti.

433 879 582 932 XIV.
665 874 931 940 Quaeritur
967 887 1179 947 quarto,
1219 876 1350 939 Quae
1387 878 1506 929 Lex
1539 875 1612 929 ita
1640 877 1848 945 injusta
1890 876 2145 930 censenda

306 960 389 1023 sit,
437 966 498 1013 ut
543 978 647 1012 non
697 959 859 1012 solum
903 977 1008 1011 non
1055 959 1265 1031 obliget,
1303 958 1395 1011 sed
1433 965 1487 1011 et
1525 958 1572 1011 ei
1609 976 1798 1030 parere
1833 977 1938 1012 non
1970 959 2141 1017 liceat.

305 1042 632 1113 RespondeO,
672 1044 869 1111 Leqem
907 1059 1057 1112 posse
1096 1060 1207 1094 esse
1246 1042 1506 1110 injustam
1551 1060 1616 1094 ex
1659 1041 1923 1113 multiplici
1972 1060 2142 1095 causa.

257 1138 278 1179 1
306 1128 519 1188 Primo,
551 1143 617 1177 ex
646 1132 798 1195 parte
828 1144 1006 1178 causae
1034 1126 1335 1194 Efficientis
1352 1145 1369 1177 .·
1415 1124 1471 1177 Si
1498 1124 1700 1178 feratur
1728 1143 1761 1177 a
1789 1143 1892 1177 non
1918 1126 2144 1178 habente

306 1207 590 1280 legitimam
619 1214 944 1278 potestatem.
1033 1209 1105 1260 Et
1130 1207 1230 1260 ista
1259 1214 1338 1260 est
1379 1208 1600 1276 injusta,
1633 1208 1698 1261 ob
1742 1207 1999 1261 desectum
2025 1209 2144 1277 jus-

311 1293 449 1344 titiae
478 1293 872 1344 commutatione
894 1310 910 1343 :
938 1289 1058 1361 quia
1086 1290 1201 1361 plus
1230 1289 1327 1343 sibi
1349 1289 1563 1343 assumit
1594 1292 1752 1354 lator,
1784 1308 1940 1361 quam
1969 1291 2141 1353 debet,

307 1380 400 1427 aut
427 1373 475 1426 ei
505 1392 570 1426 ex
600 1391 746 1444 aequo
776 1373 1029 1426 convenit.
1113 1375 1404 1443 Propterea
1431 1391 1526 1426 nec
1554 1373 1816 1426 subditum
1845 1375 2052 1443 obliyat
2080 1373 2150 1426 ad

310 1456 680 1509 obediendum:
710 1462 882 1526 potest
910 1462 1084 1508 tamen
1112 1455 1362 1518 subdituS,
1393 1454 1438 1508 si
1465 1455 1563 1525 ipsi
1591 1455 1852 1508 videbitur
1880 1455 2149 1526 expedire,

256 1552 286 1593 2
311 1557 406 1591 nec
433 1538 640 1591 aliunde
667 1538 994 1609 impediatur,
1027 1540 1207 1591 cedere
1232 1539 1361 1607 jure
1398 1556 1509 1600 suc,
1542 1543 1596 1590 et
1623 1536 1728 1609 legi
1758 1537 1982 1591 obedire.
2056 1540 2147 1591 Se-

310 1623 485 1674 cundo
513 1638 582 1673 ex
612 1627 763 1691 parte
792 1639 971 1673 causae
999 1622 1224 1674 Finalis
1242 1640 1259 1672 .·
1292 1620 1347 1673 Si
1372 1638 1476 1672 non
1506 1619 1687 1673 tendat
1713 1619 1767 1671 in
1798 1621 1990 1673 bonum
2009 1623 2150 1690 pub-

313 1705 491 1766 licum,
522 1721 617 1755 nec
646 1709 916 1756 conservet
937 1702 1060 1772 jura
1081 1702 1434 1755 communitati
1457 1702 1647 1756 debita.
1694 1704 1803 1756 Ista
1825 1710 1904 1756 est
1925 1705 2148 1773 injusta,

310 1787 376 1838 ob
422 1785 680 1838 defectum
729 1787 974 1839 Justitioe
1019 1803 1170 1856 quam
1223 1786 1482 1856 Leyalem
1532 1793 1733 1848 vocant,
1781 1804 1897 1855 quae
1947 1805 2151 1857 semper

309 1868 531 1922 intendit
573 1870 764 1921 bonum.
803 1887 1091 1932 commune,
1138 1875 1192 1922 et
1229 1887 1296 1921 ne
1339 1868 1463 1938 quid
1502 1868 1816 1939 Respublica
1855 1869 2153 1922 detrimenti

310 1951 495 2021 capiat.
579 1951 684 2003 Sed
716 1951 868 2014 enirn,
913 1953 1120 2020 injusta
1162 1958 1221 2004 ut
1263 1951 1345 2014 sit,
1388 1953 1595 2020 obliyat
1633 1959 1807 2004 tamen
1850 1952 2149 2005 subditum:

311 2033 433 2103 quia
476 2035 723 2087 subditus
770 2053 873 2087 non
923 2042 1002 2087 est
1046 2033 1306 2105 legitimus
1352 2040 1405 2086 et
1449 2033 1663 2087 idoneus
1699 2034 1863 2103 judex
1903 2037 2149 2088 Justz'tiae

311 2117 552 2185 LeyaliS.
640 2118 712 2169 Et
740 2116 782 2169 si
811 2135 876 2169 ex
904 2115 1063 2187 ipsius
1091 2118 1396 2169 obedientia
1419 2123 1665 2186 sequatur
1693 2116 1888 2186 aliquid
1918 2118 2057 2188 quod
2085 2117 2153 2171 sit

312 2198 631 2268 Reipublicae
665 2199 1042 2251 incommodum
1077 2198 1160 2251 vel
1198 2199 1422 2262 noxium,
1454 2217 1555 2251 non
1587 2201 1749 2252 estid
1778 2194 1865 2253 bei
1892 2199 2150 2271 imputan-

312 2281 451 2342 dum,
485 2280 573 2352 qui
601 2281 740 2351 quod
769 2299 978 2334 suarum
1008 2288 1125 2334 erat
1153 2281 1380 2352 partium
1409 2281 1510 2334 rite
1540 2282 1733 2345 obivit3
1779 2283 1870 2336 sed
1888 2285 2145 2354 praelate,

607 2474 623 2492 ²
648 2466 744 2504 Act.
762 2478 849 2515 cap.
868 2467 919 2504 iv.
937 2478 1037 2503 vers.
1056 2467 1116 2505 19.
1356 2468 1503 2505 81)ε1,11.
1526 2479 1613 2516 cap.
1626 2467 1680 2504 iii.
1701 2478 1805 2505 vers.
1824 2466 1884 2506 18.

606 2539 626 2565 b
655 2541 973 2589 ...οὕτι...ὐ’μμες
1003 2540 1103 2578 ἐιπα
1094 2542 1173 2579 ’τιο
1177 2557 1204 2589 ι,
1232 2542 1329 2580 ἀλλ’
1358 2542 1455 2592 Ὰγα
1432 2558 1507 2592 αμε
1511 2558 1562 2592 μν
1566 2557 1620 2579 ων

652 2603 760 2641 ὅσσα
789 2607 870 2651 σφι
896 2603 998 2652 προΐ

1204 2651 1325 2691 Hom.
1344 2651 1393 2689 ΙΙ.
1413 2650 1467 2690 α’.
1483 2663 1545 2689 vv.
1564 2651 1651 2700 335,
1671 2663 1733 2700 sq.

405 2786 476 2825 14.
540 2781 716 2825 Fourth
745 2780 967 2836 Question.
1027 2779 1172 2824 What
1195 2780 1307 2824 Law
1332 2780 1371 2824 is
1399 2783 1449 2824 to
1473 2779 1535 2824 be
1561 2778 1758 2824 deemed
1785 2792 1836 2825 so
1862 2781 2023 2839 unjust
2054 2779 2160 2826 that

314 2855 399 2896 not
420 2851 531 2910 only
551 2853 589 2897 it
614 2852 726 2897 does
751 2857 837 2897 not
862 2853 1030 2910 oblige,
1055 2852 1141 2896 but
1166 2852 1271 2896 that
1295 2852 1333 2895 it
1354 2852 1392 2895 is
1417 2855 1503 2895 not
1524 2851 1768 2895 allowable
1788 2856 1839 2895 to
1866 2853 1988 2911 obey
2011 2853 2087 2897 it?

406 2924 494 2967 We
519 2937 698 2969 answer
722 2924 786 2984 by
815 2924 1081 2983 explaining
1107 2923 1189 2968 the
1214 2923 1353 2968 kinds
1386 2923 1440 2967 of
1467 2923 1690 2981 InJustice
1714 2922 1866 2968 which
1886 2938 1996 2983 may
2020 2924 2160 2968 affect

313 2995 461 3039 Laws.

409 3070 451 3108 1.
514 3064 558 3108 A
582 3066 694 3109 Law
724 3080 833 3124 may
855 3066 916 3111 be
940 3067 1101 3123 unjust
1127 3079 1190 3110 on
1213 3066 1296 3110 the
1324 3070 1432 3124 part
1463 3066 1517 3110 of
1541 3065 1623 3110 the
1643 3066 1859 3110 Efficient
1884 3065 2048 3118 Cause,
2072 3065 2156 3111 the

317 3135 507 3187 maker3
548 3135 691 3193 being
725 3137 863 3180 made
890 3137 954 3194 by
985 3150 1074 3180 one
1109 3136 1213 3180 who
1240 3137 1324 3181 has
1355 3151 1417 3181 no
1450 3137 1542 3181 due
1575 3136 1827 3194 authority.
1905 3137 2033 3181 Here
2065 3138 2104 3182 is
2130 3152 2160 3181 a

320 3204 477 3248 defect
501 3205 557 3248 of
578 3206 898 3250 Commutative
923 3208 1101 3259 Justice,
1122 3207 1323 3251 because
1344 3207 1426 3251 the
1450 3208 1618 3252 Maker
1646 3207 1699 3251 of
1722 3207 1803 3250 the
1823 3207 1935 3250 Law
1955 3222 2161 3253 assumes

319 3289 450 3319 more
475 3275 592 3319 than
618 3276 811 3333 belongs
842 3281 892 3321 to
923 3277 1037 3321 him.
1122 3278 1250 3321 Such
1275 3292 1304 3321 a
1327 3279 1439 3321 Law
1476 3279 1588 3323 does
1623 3282 1708 3322 not
1739 3277 1921 3335 oblige3
1956 3278 2045 3323 but
2078 3280 2161 3325 the

320 3345 514 3403 subject,
535 3346 578 3389 if
591 3346 652 3390 he
677 3347 848 3404 ple-ase,
868 3361 977 3405 may
994 3348 1138 3391 waive
1158 3348 1230 3392 his
1250 3348 1376 3406 right
1401 3349 1494 3392 and
1516 3350 1649 3407 obey.

410 3422 453 3460 2.
518 3416 560 3460 A
598 3418 709 3461 Law
743 3432 852 3476 may
889 3418 950 3462 be
985 3419 1145 3475 unjust
1184 3419 1297 3462 with
1341 3420 1510 3476 regard
1536 3424 1586 3464 to
1624 3418 1707 3463 the
1737 3420 1876 3463 Final
1908 3393 2073 3474 Cause,
2113 3436 2164 3467 as

320 3488 397 3532 for
436 3488 660 3541 instance,
691 3488 734 3531 if
757 3489 796 3532 it
833 3489 893 3533 do
930 3493 1015 3533 not
1050 3489 1165 3533 tend
1195 3494 1246 3534 to
1277 3490 1359 3534 the
1389 3490 1549 3548 public
1579 3491 1717 3548 good,
1753 3505 1841 3535 nor
1870 3497 2055 3550 respect
2084 3492 2167 3537 the

321 3558 468 3616 rights
495 3559 549 3603 of
568 3559 650 3603 the
676 3561 976 3618 community.
1051 3561 1217 3604 Here
1204 3575 1242 3605 1s
1264 3575 1292 3604 a
1324 3561 1479 3605 defect
1506 3563 1561 3606 of
1581 3563 1725 3620 Leyal
1754 3563 1934 3616 Justice,
1963 3563 2041 3608 for
2063 3564 2168 3609 that

322 3630 492 3688 always
513 3631 629 3676 aims
655 3636 704 3675 at
733 3631 816 3675 the
846 3632 1039 3689 general
1067 3632 1205 3689 good.
1272 3632 1399 3676 Such
1430 3648 1458 3676 a
1486 3634 1598 3677 Law
1634 3634 1746 3678 does
1779 3634 1947 3693 oblige,
1978 3635 2054 3680 for
2082 3636 2165 3680 the

323 3701 503 3758 subJect
532 3702 571 3747 is
602 3707 687 3747 not
716 3702 799 3747 the
830 3717 1002 3763 proper
1021 3703 1167 3761 judge
1201 3703 1256 3748 of
1278 3704 1403 3763 legal
1427 3705 1612 3763 justice.
1691 3705 1798 3750 And
1831 3706 1874 3750 if
1900 3721 1992 3766 any
2030 3707 2165 3751 harm
