2482 4166
896 582 1276 628 PRAENOBILI
1313 582 1488 635 VIRO,

281 706 963 754 HONORATISSIMORUM
1000 709 1342 755 OORCAGIAE
1379 710 1452 754 IN
1479 707 1796 754 HIBERNIA
1829 708 2131 755 COMITUM

645 833 964 878 RICHARDI
1007 833 1168 879 OLIM
1206 834 1537 879 DEFUNCTI
1576 834 1764 886 FILIO,

497 960 580 1003 ET
616 958 934 1005 RICHARDI
971 960 1155 1005 NUNC
1198 960 1615 1005 SUPERSTITIS
1655 958 1911 1012 FRATRI,

727 1089 1190 1159 ROBERTO
1265 1091 1654 1161 BOYLIO.

400 1490 579 1551 VET
617 1490 681 1550 in
723 1498 894 1550 tuam
932 1489 1049 1568 (vir
1091 1488 1597 1565 Honoratissime)
1638 1490 1821 1549 fidem
1852 1497 1913 1550 et
1943 1490 2124 1551 clien-

439 1594 628 1654 telam
672 1613 735 1653 se
780 1593 1055 1653 conferre
1100 1592 1216 1653 hoc
1262 1592 1551 1672 quicquid
1590 1600 1682 1653 est
1722 1594 2014 1673 opusculi,
2055 1603 2125 1655 ut

280 1698 392 1758 sub
436 1695 529 1756 tui
574 1694 835 1757 nominis
877 1694 1159 1775 praesidio
1203 1696 1457 1775 prodeat
1502 1695 1566 1756 in
1609 1697 1848 1776 vulgus,
1930 1699 2016 1757 At
2059 1706 2122 1757 te

280 1800 469 1881 igitur
508 1798 772 1879 idipsum
815 1799 1017 1869 affero,
1058 1798 1274 1858 lubens
1310 1798 1566 1859 merito:
1616 1800 1714 1859 Ad
1743 1807 1822 1870 te,
1854 1799 2121 1879 inquam,

279 1902 604 1973 hominem,
652 1909 722 1960 ut
774 1921 851 1961 ex
898 1899 1031 1960 aliis
1077 1900 1273 1972 audio,
1315 1904 1402 1978 (et
1445 1909 1537 1962 est
1580 1922 1829 1981 perraro
1860 1904 2122 1964 mendax

278 2006 343 2067 in
380 2004 599 2066 melius
641 2004 843 2079 fama‚)
872 2024 1028 2064 xcum
1065 2004 1363 2064 natalium
1409 2005 1731 2083 splendore
1783 2005 2120 2079 illustrem;

278 2117 413 2169 tum
441 2128 750 2190 generosae
780 2107 1003 2168 mentis
1032 2107 1251 2178 indole,
1287 2128 1493 2167 amore
1531 2107 1864 2181 literarum,
1910 2111 2122 2171 huma-

278 2213 487 2284 nitate,
532 2211 775 2291 pietate,
816 2218 878 2270 et
919 2209 1084 2270 omni
1123 2209 1421 2269 virtutum
1456 2231 1678 2290 genere
1708 2213 1904 2273 multo
1934 2214 2120 2275 etiam

280 2314 710 2375 illustriorem:
769 2311 921 2372 mihi
976 2320 1184 2372 tamen
1244 2312 1647 2390 (delitescenti
1713 2314 2001 2377 nimirum
2055 2319 2119 2378 in

279 2438 467 2497 parva
512 2416 716 2476 casula
754 2414 1035 2485 suaviter,
1077 2435 1189 2474 nec
1227 2414 1374 2494 quid
1419 2436 1626 2475 rerum
1669 2417 1816 2477 foris
1848 2427 2115 2498 geratur,

277 2518 616 2599 praesertim
645 2526 715 2576 ut
741 2537 903 2576 nunc
932 2523 1073 2576 sunt
1102 2524 1396 2596 tempora,
1428 2518 1693 2577 multum
1722 2520 2008 2596 sollicito)
2042 2523 2117 2583 de

276 2621 427 2682 facie
476 2640 806 2700 nunquam,
850 2626 994 2679 ante
1039 2639 1263 2698 paucos
1305 2640 1542 2680 menses
1587 2642 1698 2682 nec
1743 2623 1817 2683 de
1871 2624 2117 2686 nomine

278 2723 538 2805 quidem,
590 2723 863 2803 adeoque
904 2742 982 2782 ne
1028 2743 1190 2782 nunc
1236 2723 1500 2795 tandem,
1539 2724 1656 2784 nisi
1700 2726 1830 2785 sola
1876 2728 2118 2788 munifi-

276 2826 490 2898 centia,
533 2833 765 2886 notum.
855 2825 966 2886 Est
1000 2832 1207 2886 tamen
1247 2827 1413 2905 quod
1458 2848 1711 2907 sperem,
1759 2829 2116 2893 habiturum

274 2930 542 3010 aliquam
570 2929 733 3009 apud
760 2936 823 2989 te
852 2928 1113 3008 gratiam
1151 2936 1335 2989 tenue
1374 2930 1490 2990 hoc
1527 2934 1991 2995 munusculum:
2039 2957 2115 2996 ex

275 3053 347 3093 eo
378 3031 620 3104 scilicet,
666 3031 831 3111 quod
859 3052 972 3102 me,
1002 3031 1241 3110 jamdiu
1273 3034 1471 3094 *rude
1512 3034 1823 3106 donatum,
1873 3040 2116 3118 (propo-

274 3135 390 3196 sito
421 3156 530 3214 per
558 3134 757 3194 virum
795 3132 1114 3212 insigniter
1154 3134 1403 3194 doctum
1442 3136 1733 3196 THOMAM
1771 3138 2112 3212 BARLOUM‚

274 3227 518 3296 armarii
559 3234 879 3294 Bodleiani
925 3235 990 3294 in
1036 3236 1198 3295 alma
1248 3236 1579 3297 Oxoniensi
1609 3240 1939 3301 Academia
1964 3242 2114 3301 Pro-

271 3337 886 3407 tobibliothecarium,
949 3338 1206 3397 honesto
1254 3340 1499 3413 salario)
1562 3349 1816 3401 conatus
1864 3362 1942 3413 eS,
2008 3345 2114 3405 ite-

271 3462 417 3502 rum
460 3440 717 3519 antiquo
762 3439 1076 3500 includere
1118 3440 1288 3506 ludae
1334 3448 1395 3500 et
1438 3448 1572 3500 tum
1615 3450 1832 3521 sponte
1867 3465 2004 3506 mea
2033 3446 2112 3506 ad

274 3544 504 3623 aliquid
548 3541 932 3603 scribendum
981 3540 1146 3619 quod
1192 3540 1372 3601 domo
1422 3550 1599 3602 exeat
1647 3544 1889 3624 pigrum
1949 3548 2109 3621 satiS,

825 3734 847 3754 ⁴*
874 3734 1035 3783 [Horat.
1057 3734 1145 3772 Lib.
1166 3745 1213 3774 11.
1231 3735 1361 3783 Epist.
1379 3735 1407 3775 i.
1425 3748 1462 3774 v.
1480 3735 1538 3783 2.]

1847 3815 1876 3865 b
1905 3823 1935 3864 2
