2482 4166
398 266 505 318 208
577 274 664 318 DE
707 274 936 318 LEGUM
975 272 1399 318 HUMANARUM
1441 273 1645 318 CAUSA
1685 273 2084 318 EFFIGIENTE.

397 421 520 456 vero
539 422 784 474 personae
808 402 900 455 tali
928 408 1184 473 potestate
1213 401 1465 473 praeditae,
1484 401 1538 455 id
1562 408 1654 465 est,
1685 402 1843 473 ipsius
1873 402 2228 474 MagistratuS,

398 504 502 538 non
537 485 633 538 nisi
668 487 987 539 secundario
1018 492 1070 538 et
1099 491 1503 554 consequentem
1551 491 1804 554 quatenus
1832 484 2073 537 nimirum
2103 484 2229 537 utile

399 574 478 621 est
506 570 782 637 Principi,
827 574 886 620 ut
911 567 1222 637 Respublica
1263 567 1459 619 floreat.
1545 569 1745 629 TertiO,
1775 567 1976 620 ratione
2004 568 2229 637 efficacis
2253 582 2282 623 3

398 652 898 703 administrationis
918 670 939 710 ;
974 667 1090 718 quae
1128 648 1183 700 in
1211 654 1467 718 potestate
1495 651 1911 702 Jurisdictionis
1945 649 2108 719 major
2151 656 2229 701 est

399 751 554 802 quam
582 732 636 784 in
663 734 1040 792 Dominativa,
1068 737 1282 801 propter
1310 729 1557 799 majorem
1582 733 1693 783 vim
1721 733 2032 784 coactivam.
2121 730 2230 782 Ex-

399 814 554 884 empli
582 814 767 886 gratia,
807 831 911 865 non
938 818 1108 883 potest
1136 818 1244 864 tam
1273 810 1541 863 efficaciter
1570 830 1852 882 procurare
1878 815 2231 881 pater-fami-

402 898 524 959 lias,
555 903 614 948 ut
635 896 780 967 jussa
808 913 901 948 sua
931 892 1218 947 executioni
1244 893 1554 945 mandentur
1578 912 1610 946 a
1627 895 1770 962 filiis
1798 900 1888 946 aut
1914 896 2081 948 servis
2111 894 2228 957 suis,

399 996 527 1048 quos
557 978 604 1030 ei
631 996 735 1030 non
762 977 880 1030 licet
908 975 1005 1028 nisi
1034 978 1196 1045 virqa
1224 982 1315 1028 aut
1339 978 1496 1044 fuste
1521 976 1784 1048 corrigere
1810 995 1824 1039 3
1870 994 2023 1046 quam
2061 983 2233 1047 potest

308 1073 311 1075 ’
399 1063 772 1129 Mayistratus
822 1060 1002 1112 civilis
1050 1076 1083 1110 a
1128 1057 1345 1110 subditis
1388 1057 1506 1121 suiS,
1552 1076 1679 1128 quos
1721 1078 1934 1112 carcere
1979 1070 2029 1112 et
2071 1061 2232 1112 exilio

400 1142 599 1212 punire,
644 1142 779 1194 bona
816 1159 994 1193 eorum
1033 1142 1167 1208 fisco
1209 1142 1477 1202 addicere,
1524 1143 1726 1210 capitis
1765 1140 1920 1194 etiam
1965 1143 2232 1211 supplicio

400 1224 454 1277 in
483 1224 620 1294 ipsos
643 1223 1071 1284 animadvertere,
1102 1240 1198 1292 pro
1220 1222 1341 1292 jure
1369 1241 1460 1275 suo
1483 1229 1684 1293 potest;
1713 1220 1746 1288 ἦ
1778 1220 2021 1300 πατρική
2053 1221 2232 1299 πρόσ-

403 1303 554 1379 ταξις
583 1303 675 1361 οὐκ
721 1300 839 1382 ἔχει
877 1302 947 1360 τό
996 1301 1239 1380 ἰσχυρὸν,
1280 1298 1401 1360 οὐδὲ
1446 1302 1514 1359 τὸ
1559 1301 1880 1378 ἀναγκαῖον,
1917 1305 2084 1375 inquit
2122 1306 2231 1358 loco

401 1389 634 1460 proxime
662 1389 871 1441 laudato
898 1387 1034 1440 idem
1063 1388 1392 1440 Aristoteles.
1472 1388 1616 1459 Ergo
1652 1388 1721 1440 ad
1764 1390 1898 1458 loyes
1931 1390 2234 1441 condendas

402 1490 505 1524 non
547 1471 730 1524 sufficit
772 1469 967 1540 quaevis
1013 1472 1372 1539 superioritas
1388 1489 1408 1531 ;
1466 1471 1558 1523 sed
1606 1477 1799 1541 praeter
1842 1473 2234 1523 dominativam

402 1554 556 1615 illam,
581 1553 864 1623 requiritur
888 1552 1042 1605 etiam
1062 1546 1275 1616 ’δύναμις
1294 1549 1698 1625 ἀναγκαστικῆ,
1729 1552 1838 1606 sive
1863 1564 2108 1623 potestas
2134 1555 2235 1605 Ju-

402 1638 741 1690 risdictionis
770 1634 977 1705 proprie
1012 1634 1161 1686 dictae
1184 1655 1195 1687 ε
1239 1634 1312 1687 ita
1338 1641 1396 1687 ut
1421 1637 1591 1704 Leyes
1616 1635 1742 1687 ferri
1770 1653 1874 1687 non
1901 1635 2111 1705 possint,
2137 1634 2235 1687 nisi

402 1737 437 1772 a
465 1737 686 1790 persona
715 1718 939 1770 habente
967 1717 1252 1786 publicam
1291 1719 1591 1769 coactivam
1619 1727 1954 1786 potestatem.
2034 1716 2234 1770 Intelli-

403 1802 525 1873 gitis
565 1808 624 1855 ut
667 1800 864 1871 opinor,
894 1817 960 1851 ne
1003 1799 1070 1851 sit
1112 1817 1317 1851 necesse
1360 1817 1442 1850 me
1481 1817 1572 1851 vos
1611 1798 1738 1851 illud
1778 1799 2070 1861 admonere,
2117 1817 2233 1868 quae

402 1891 523 1938 sunt
546 1902 579 1936 a
607 1902 689 1936 me
710 1883 821 1953 jam
851 1881 988 1935 dicta
1016 1881 1083 1933 ad
1105 1883 1274 1950 Leyes
1300 1881 1485 1955 κυρίως
1502 1881 1663 1933 dictas
1689 1883 1926 1935 absolute
1943 1881 2232 1951 pertinere3

403 1968 472 2019 ad
500 1965 741 2036 reliquas,
780 1982 884 2017 non
926 1963 1023 2016 nisi
1067 1961 1186 2017 κατ’
1226 1959 1548 2035 ἀναλογίαν,
1591 1981 1682 2015 suo
1726 1963 1948 2032 quodam
1991 1963 2141 2015 modo
2182 1970 2236 2016 et

395 2051 779 2120 proportione.-
817 2052 974 2117 prout
1011 2064 1189 2098 earum
1220 2062 1557 2115 unaequaeque
1598 2045 1667 2097 ad
1708 2044 1924 2098 istarum
1966 2044 2235 2116 perfectio-

403 2150 522 2184 nem
549 2138 640 2184 aut
668 2129 918 2183 accedunt
943 2128 1170 2199 propius,
1201 2135 1293 2181 aut
1321 2129 1387 2181 ab
1418 2145 1480 2181 ea
1508 2126 1711 2199 longius
1735 2128 1941 2181 absunt.

528 2215 595 2268 V.
683 2212 781 2264 His
822 2212 1020 2264 duabus
1055 2212 1469 2281 HypothesibuS,
1502 2228 1617 2280 quae
1651 2228 1892 2280 quorsum
1921 2210 2137 2264 tendant
2172 2229 2238 2264 ex

403 2297 484 2350 his
513 2314 629 2367 quae
658 2295 830 2349 statim
861 2294 1089 2348 dicturus
1118 2312 1231 2346 sum
1263 2293 1411 2346 facile
1446 2292 1759 2365 intelligetiS,
1790 2293 1924 2346 addo
1947 2293 2056 2363 jam
2083 2293 2237 2347 tertio

404 2381 514 2433 loco
571 2380 966 2434 Conclusionem
1016 2376 1399 2447 responsivam3
1459 2376 1592 2428 hanc
1638 2375 1858 2439 scilicet3
1919 2377 2237 2429 Potestatem

407 2460 750 2529 νομοθετικῆν
794 2478 904 2513 esse
949 2465 1257 2530 potestatem
1299 2455 1788 2534 αὐτοκρατορικὴν.
1863 2459 1978 2511 Hoc
2020 2465 2114 2522 est,
2151 2458 2238 2529 jus

392 2546 613 2614 ferendi
661 2545 794 2612 leyes
838 2560 953 2611 quae
997 2540 1226 2611 obligent
1263 2547 1427 2593 totam
1472 2540 1887 2594 communitatem
1927 2558 2038 2593 esse
2081 2558 2238 2611 penes

406 2645 523 2678 eum
553 2625 716 2677 solum
745 2624 875 2691 (sive
904 2624 970 2676 sit
995 2622 1038 2674 is
1066 2624 1367 2691 sinyularis
1381 2642 1618 2692 person-a
1645 2630 1705 2676 ut
1731 2623 1784 2675 in
1813 2629 1952 2676 statu
1976 2622 2238 2694 regiminis

407 2705 740 2766 Monarchici,
772 2706 880 2757 sive
912 2706 1095 2774 plures
1132 2711 1191 2755 ut
1216 2703 1269 2754 in
1307 2704 1440 2772 aliis)
1471 2704 1560 2774 qui
1589 2723 1703 2757 cum
1738 2724 1949 2758 summa
1974 2716 2239 2775 potestate

408 2788 505 2842 toti
534 2786 883 2841 communitati
910 2792 1117 2856 praeest.
1170 2786 1322 2837 Hanc
1356 2788 1754 2839 Conclusionem
1777 2788 1973 2857 explico
1999 2787 2237 2857 primum,

410 2983 532 3041 good
563 2981 616 3025 of
651 2981 732 3025 the
770 2980 1082 3038 Community,
1123 2979 1218 3022 and
1254 2978 1364 3036 only
1394 2976 1686 3034 secondarily
1714 2979 1764 3019 to
1801 2975 1883 3019 the
1917 2975 2040 3032 good
2070 2974 2123 3018 of
2158 2975 2239 3019 the

407 3055 681 3111 Magistrate
708 3066 760 3096 or
782 3052 969 3098 Prince.

503 3124 565 3178 3⁰,
590 3126 647 3168 In
679 3124 761 3168 the
790 3123 986 3167 Coactive
1011 3123 1232 3181 Efficacy;
1268 3120 1418 3165 which
1438 3121 1476 3164 is
1502 3123 1687 3177 greater
1710 3118 1760 3161 in
1784 3117 1865 3161 the
1889 3116 2240 3161 Jurisdictional

408 3197 524 3241 than
549 3196 629 3240 the
664 3195 951 3252 Magisterial
975 3196 1154 3238 Power.
1217 3192 1344 3236 Thus
1369 3192 1451 3236 the
1483 3192 1662 3234 Master
1693 3189 1748 3233 of
1774 3203 1802 3232 a
1825 3188 1988 3246 family
2013 3202 2100 3231 can
2130 3188 2240 3245 only

409 3272 589 3312 correct
621 3267 912 3310 disobedient
939 3265 1150 3309 children
1174 3264 1268 3308 and
1293 3267 1500 3308 servants
1532 3261 1643 3305 with
1675 3261 1756 3305 the
1780 3260 1867 3304 rod
1899 3273 1952 3302 or
1978 3258 2124 3316 whip3
2154 3259 2241 3302 but

409 3339 491 3382 the
518 3339 635 3382 Civil
667 3338 940 3395 Magistrate
966 3351 1052 3381 can
1077 3337 1218 3394 apply
1242 3340 1291 3379 to
1316 3334 1398 3378 the
1431 3333 1739 3384 disobedient,
1762 3331 1934 3389 prison,
1965 3330 2097 3382 exile,
2130 3343 2237 3373 con-

409 3410 632 3461 fiscation,
653 3423 773 3453 even
797 3408 952 3453 death.
1015 3408 1123 3451 And
1146 3407 1239 3451 this
1265 3406 1481 3451 Coactive
1501 3406 1667 3448 Power
1691 3404 1728 3448 is
1754 3417 1782 3447 a
1797 3401 2017 3459 requisito
2038 3401 2240 3445 element

412 3482 465 3524 of
484 3481 765 3538 Legislative
791 3480 1055 3537 Authority.

498 3552 584 3595 We
605 3552 748 3609 speak
767 3551 879 3595 here
910 3551 964 3594 of
981 3552 1112 3594 Laws
1137 3563 1333 3607 proper:
1366 3547 1489 3591 what
1513 3547 1551 3590 is
1582 3545 1695 3597 said,
1714 3545 1752 3588 is
1779 3548 1884 3588 true
1909 3542 1965 3588 of
1992 3542 2239 3599 imperfect

410 3622 557 3675 Laws,
578 3636 627 3665 as
647 3622 720 3665 far
744 3636 793 3666 as
814 3622 896 3665 the
922 3622 1119 3679 analogy
1143 3634 1267 3677 goes.

504 3698 544 3735 5.
607 3694 790 3750 Having
820 3693 915 3736 laid
946 3693 1082 3736 down
1107 3691 1237 3735 these
1267 3695 1359 3735 two
1390 3688 1714 3748 suppositions,
1738 3700 1807 3730 we
1827 3685 1920 3729 add
1939 3684 2128 3741 thirdly,
2152 3695 2240 3726 our

416 3762 733 3806 Oorxonusmn:
782 3763 906 3808 That
936 3763 1017 3807 the
1048 3762 1326 3819 Legislative
1360 3763 1524 3805 Power
1554 3759 1746 3815 belongs
1781 3761 1831 3802 to
1863 3756 1945 3801 the
1983 3753 2239 3810 Sovereign
