2482 4166
389 258 494 307 252
999 267 1085 311 DE
1125 267 1293 313 LEGE
1333 267 1609 314 POENALI.

516 396 666 451 XIV.
747 394 1022 449 Sciendum
1057 400 1280 461 Quarto,
1323 397 1461 451 inter
1490 397 1853 470 obligationem
1881 399 1950 452 ad
1987 402 2218 471 Culpam

388 483 442 530 et
469 477 833 548 obligationem
861 479 928 531 ad
948 498 1166 549 poenam
1200 482 1555 549 temporalem,
1595 499 1699 533 non
1740 499 1851 533 esse
1879 484 2216 536 necessariam

387 559 784 623 connexionem;
830 567 921 613 aut
943 568 1083 614 certe
1119 579 1222 613 non
1250 561 1324 614 ita
1351 562 1689 615 necessariam
1717 569 1776 615 ut
1805 563 1870 616 sit
1900 564 2053 617 etiam
2082 568 2215 618 reci-

377 661 569 711 proca.
652 642 701 694 A
725 662 887 712 poena
912 642 1118 712 quidem
1154 646 1439 712 temporali
1464 647 1692 713 proprie
1720 647 1873 698 dicta
1900 646 1968 698 ad
1998 648 2214 716 cuipam

385 723 675 776 necessaria
711 731 789 777 est
818 724 1133 776 consecutio:
1178 724 1405 776 validum
1443 725 1658 793 proinde
1688 733 1766 779 est
1806 727 1904 779 hoc
1939 746 2213 799 argumen-

385 811 512 868 tum,
552 809 756 859 Petrus
799 826 861 859 eoe
906 808 1012 874 leye
1055 807 1364 872 puniendus
1403 816 1493 867 est,
1540 824 1665 877 ergo
1708 809 1925 875 culpam
1968 812 2209 866 admisit.

387 887 491 940 Sed
519 906 551 939 a
566 907 733 957 poerza
764 889 1048 957 temporali
1075 889 1253 939 minus
1271 889 1498 955 proprie
1527 889 1694 949 dicta,
1742 895 1868 957 puta
1896 892 2094 942 damno
2122 898 2212 943 aut

382 987 442 1021 re
471 969 637 1031 simili,
678 987 781 1021 non
817 967 1101 1020 necessario
1145 967 1366 1020 infertur
1395 970 1594 1037 culpa:
1635 976 1804 1039 potest
1849 970 1984 1023 enim
2027 971 2211 1042 aliquis

381 1053 496 1103 sine
518 1052 681 1119 culpa
706 1069 798 1102 sua
821 1049 1040 1120 obligari
1061 1050 1128 1102 ad
1156 1052 1430 1112 damnum,
1456 1057 1513 1102 ut
1539 1050 1808 1120 aliquoties
1829 1059 1951 1105 ante
1974 1052 2207 1106 diximus

383 1132 565 1201 Neque
594 1131 748 1184 etiam
777 1150 809 1184 a
848 1133 1012 1200 culpa
1052 1131 1120 1183 ad
1154 1150 1377 1200 pomam
1429 1135 1771 1201 temporalem
1810 1137 2089 1204 reciproca
2131 1142 2210 1188 est

381 1213 700 1276 consecutio;
746 1213 866 1283 quia
902 1212 1015 1265 fieri
1054 1219 1225 1282 potest
1254 1220 1312 1266 ut
1352 1213 1465 1283 quis
1494 1213 1751 1285 obligetur
1780 1216 1849 1268 ad
1883 1219 2114 1286 culpam,
2150 1224 2209 1270 ut

379 1294 586 1347 interim
614 1314 718 1347 non
747 1295 1006 1367 obligetur
1034 1295 1103 1347 ad
1134 1314 1354 1365 poenam
1375 1316 1391 1347 :
1431 1313 1636 1365 poenam
1665 1295 1910 1349 nimirum
1950 1305 2209 1369 tempora-

378 1377 511 1439 lem3
556 1396 677 1431 nam
711 1379 1025 1447 spiritualis
1063 1383 1116 1429 et
1160 1387 1369 1430 cetea-noe
1399 1396 1572 1446 poenae
1609 1377 1763 1450 longe
1802 1379 1903 1431 alia
1940 1380 2073 1432 ratio
2114 1388 2207 1435 est.

378 1459 543 1513 Verbi
592 1460 795 1532 gratia3
837 1459 993 1529 siquis
1032 1460 1250 1529 culpam
1292 1459 1557 1512 admiserit
1596 1461 1743 1530 (puta
1785 1460 1828 1513 si
1870 1464 2209 1516 mendacium

379 1541 584 1603 dixerit,
616 1541 658 1594 si
684 1541 832 1594 amici
854 1560 1066 1594 arcana
1095 1543 1325 1594 consilia
1352 1541 1654 1611 prodiderit,
1686 1542 1728 1594 si
1751 1543 1970 1612 proximi
1985 1547 2209 1613 famam

378 1625 619 1676 susurris
647 1623 853 1685 laeserit,
891 1630 983 1675 aut
1025 1623 1165 1675 aliud
1203 1623 1386 1692 simile)
1425 1624 1505 1676 cui
1547 1626 1653 1693 leye
1696 1627 1936 1678 humana
1973 1626 2113 1679 nulla
2141 1626 2208 1680 sit

368 1724 536 1775 poma
561 1705 865 1758 constituta:
908 1723 1010 1757 non
1036 1704 1228 1775 poterit
1255 1705 1363 1757 sine
1390 1705 1639 1776 injustitia
1680 1707 1745 1759 ab
1786 1707 2007 1770 homine,
2038 1726 2207 1777 neque

378 1805 502 1839 vero
546 1805 752 1840 necesse
794 1794 873 1840 est
915 1806 1031 1839 eum
1070 1805 1103 1839 a
1144 1788 1258 1839 Deo
1306 1787 1435 1839 affici
1474 1806 1639 1856 poena
1681 1788 1855 1858 aliqua
1903 1792 2202 1858 temporali.

380 1869 639 1930 Ceterum,
684 1887 750 1921 ne
779 1869 893 1938 quis
922 1868 1018 1921 sibi
1059 1868 1320 1939 improbus
1349 1868 1497 1921 nimis
1521 1869 1900 1932 adblandiatur,
1928 1878 2205 1940 peccetque

375 1950 476 2003 ista
499 1950 748 2013 licentiUS‚
780 1951 919 2020 quod
954 1957 1103 2020 putet
1141 1968 1196 2002 se
1226 1957 1481 2003 exsortem
1513 1951 1625 2003 fore
1652 1971 1826 2021 poenoe
1856 1955 2167 2022 temporalis
2187 1974 2204 2005 .·

376 2032 587 2103 expedit
631 2032 678 2085 ei
724 2032 940 2085 subinde
984 2031 1289 2093 meminisse,
1334 2031 1617 2103 obligatum
1661 2051 1717 2085 se
1761 2033 2090 2087 nihilominus
2134 2035 2204 2088 ad

366 2135 588 2184 pomam
623 2115 783 2167 multo
822 2113 1133 2186 graviorem,
1183 2114 1528 2182 spiritualem
1575 2113 1780 2177 scilicet,
1829 2122 1883 2168 et
1930 2126 2199 2170 aeternam.

378 2199 509 2260 Quae
538 2204 758 2267 utraque
774 2215 943 2267 poena
968 2215 1080 2249 cum
1105 2196 1242 2249 omni
1264 2197 1428 2265 culpa
1452 2195 1529 2249 ita
1549 2196 1834 2249 necessario
1862 2203 1915 2250 et
1936 2200 2203 2268 reciproce

375 2279 645 2350 conjuncta
702 2287 795 2342 est,
844 2286 903 2332 ut
948 2285 1002 2331 et
1051 2297 1216 2347 poma
1265 2296 1468 2348 semper
1517 2285 1773 2348 supponat
1814 2280 2203 2333 antecedentem

376 2363 609 2432 culpam,
642 2363 807 2430 (Deus
836 2360 971 2414 enim
996 2360 1249 2412 neminem
1266 2362 1434 2430 punit
1475 2359 1787 2413 immeritum
1805 2363 1840 2429 ς)
1892 2368 1945 2414 et
1984 2364 2202 2434 culpam

373 2444 659 2497 necessario
698 2444 909 2497 tandem
948 2449 1289 2511 consequatur
1328 2442 1445 2509 (nisi
1488 2449 1753 2495 succurrat
1786 2443 1887 2496 Dei
1917 2443 2199 2507 clementia,

374 2526 573 2596 culpam
602 2525 911 2579 remittentis
937 2524 991 2577 in
1012 2524 1234 2587 Christo,
1264 2542 1359 2595 per
1385 2523 1539 2577 fidem
1566 2531 1619 2577 et
1647 2524 2038 2595 poenitentiam,)
2068 2544 2201 2578 com-

373 2608 559 2660 merita
600 2627 774 2677 poeria.

498 2690 619 2742 XV.
698 2689 795 2740 His
823 2688 898 2740 ita
922 2687 1211 2757 praemissis,
1243 2694 1302 2741 ut
1331 2687 1487 2741 dubio
1516 2688 1778 2759 proposito
1807 2689 2198 2761 respondeatur,

372 2787 507 2841 pono
535 2769 730 2838 aliquot
758 2769 1116 2821 conclusiones

502 2852 812 2904 CoNcLUSIo
856 2852 1055 2902 PmMA.
1139 2851 1404 2912 Quatenus
1437 2852 1518 2903 lex
1539 2853 1777 2920 poenalis
1806 2852 2001 2924 obliget
2028 2853 2201 2906 subdi-

372 2940 483 2986 tum
510 2933 564 2985 in
593 2933 915 2993 conscientia,
947 2950 1012 2983 ex
1047 2938 1219 2983 mente
1249 2938 1302 2984 et
1329 2934 1621 2985 intentione
1648 2934 2026 3001 Leyislatoris‘,
2061 2933 2105 2986 si
2134 2935 2199 2986 de

373 3034 435 3067 ea
463 3015 591 3068 certi
619 3014 812 3084 aliquid
851 3020 1063 3075 constet,
1108 3013 1358 3083 imprimis
1388 3013 1724 3083 judicandum
1768 3021 1860 3067 est.
1949 3016 2064 3066 Hoc
2103 3023 2197 3077 est,

372 3097 415 3150 si
444 3104 584 3150 certo
614 3103 810 3151 constet
838 3097 1229 3165 Leyislatorem
1266 3095 1546 3148 intendisse
1585 3095 1816 3167 obligare
1853 3095 2085 3150 subditos
2124 3099 2201 3149 ad

464 3294 533 3333 14.
597 3289 817 3346 Fourthly
831 3305 848 3338 ‚·
880 3289 1099 3333 Between
1124 3303 1185 3332 an
1215 3289 1468 3346 obligation
1494 3288 1644 3332 under
1669 3287 1803 3339 fault,
1827 3287 1919 3330 and
1944 3301 2005 3330 an
2025 3287 2198 3345 obliga-

371 3361 471 3403 tion
491 3360 641 3404 under
665 3360 895 3417 temporal
918 3360 1233 3418 punishment,
1258 3359 1393 3403 there
1417 3360 1454 3403 is
1479 3372 1541 3402 no
1571 3372 1815 3416 necessary
1834 3359 2092 3402 connexion
2106 3374 2119 3410 3
2150 3363 2199 3402 at

370 3431 487 3475 least
507 3446 567 3475 no
587 3445 831 3489 necessary
850 3431 1104 3488 reciprocal
1124 3431 1397 3474 connexion.
1462 3429 1785 3481 Punishment,
1809 3430 1859 3471 in
1883 3429 1942 3472 its
1963 3429 2199 3485 improper

372 3515 517 3555 sense,
548 3499 643 3558 [see
677 3502 800 3546 Sect.
826 3500 901 3555 12]
927 3503 1038 3546 does
1068 3506 1152 3545 not
1175 3501 1454 3559 necessarily
1478 3501 1623 3558 imply
1647 3500 1781 3543 fault.
1838 3500 1978 3542 Fault
2008 3498 2103 3553 (for
2126 3500 2198 3541 in-

371 3577 543 3624 stance,
564 3574 693 3630 lying
713 3587 766 3616 or
786 3571 1071 3629 slandering)
1094 3573 1203 3616 does
1228 3576 1312 3615 not
1338 3572 1616 3629 necessarily
1635 3570 1782 3627 imply
1810 3569 2111 3626 punishment
2135 3569 2199 3627 by

371 3656 494 3694 men,
523 3657 610 3686 nor
634 3643 864 3701 temporal
888 3643 1202 3701 punishment,
1229 3657 1345 3687 even
1368 3643 1431 3700 by
1459 3642 1577 3686 God.
1639 3640 1765 3684 Such
1788 3640 1944 3692 faults,
1968 3640 2198 3692 however,

372 3712 433 3754 do
468 3713 613 3770 imply
639 3715 852 3771 spiritual
884 3715 977 3757 and
1007 3714 1186 3758 eternal
1213 3713 1528 3771 punishment,
1548 3716 1713 3770 except
1742 3711 1963 3756 remitted
1996 3710 2059 3769 by
2092 3709 2196 3754 God

372 3780 575 3838 through
601 3784 766 3828 Christ.
826 3784 936 3828 This
957 3785 1097 3842 being
1121 3785 1365 3842 promised,
1389 3798 1455 3828 we
1479 3783 1598 3827 have
