2482 4166
878 279 1259 325 PRAELEOTIO
1301 281 1525 327 SEXTA.
2017 276 2116 332 171

286 409 381 462 sed
415 416 466 460 et
492 406 804 460 saevioribus
839 404 952 469 illis,
998 406 1086 478 qui
1123 406 1303 480 plagas
1344 408 1468 479 ipsis
1502 407 1630 460 nihil
1666 407 1771 462 tale
1813 412 2121 465 commeritis

285 489 549 541 inferrent.
629 488 731 540 Hic
770 488 936 559 Epist.
975 489 1044 542 ad
1067 492 1220 543 Rom.
1256 490 1381 554 xiii„
1410 490 1499 543 ubi
1531 492 1871 560 subjectionis
1907 494 2121 546 necessi-

285 576 445 623 tatem
474 570 706 642 pluribus
739 578 909 643 urget,
952 574 1239 625 resistendi
1266 591 1391 626 vero
1429 573 1702 638 licentiam,
1733 592 2036 644 quocunque
2067 576 2121 627 in

285 670 421 716 casu,
466 671 769 723 quocunque
810 654 906 706 sub
948 661 1221 725 praetextu,
1261 655 1453 707 nemini
1501 656 1746 709 concedit.
1832 656 2121 709 Dicendum

230 737 260 779 2
283 738 509 789 secundo
528 758 547 797 ‚·
589 737 921 805 subjectione,
960 743 1077 790 utut
1116 736 1414 808 simpliciter
1451 738 1755 801 necessaria,
1800 757 1905 792 non
1945 747 2122 792 tamen

284 818 520 871 satisfieri
563 818 741 881 offici0,
785 818 882 872 nisi
920 826 973 872 et
1012 822 1296 873 obediatur
1337 820 1468 893 legis
1510 820 1742 892 imperio,
1785 822 1874 874 ubi
1915 821 1970 874 id
2011 821 2122 874 sine

284 907 494 971 peccato
522 901 635 953 fieri
663 908 865 971 potest:
908 908 962 955 et
997 902 1214 972 proinde
1241 903 1503 956 subditum
1533 911 1586 957 et
1611 904 1680 956 ad
1719 900 1957 971 ὑπακοὴν
1994 904 2122 957 obli-

285 982 401 1054 gari
428 982 481 1035 in
510 982 816 1037 conscientia
843 983 896 1036 in
924 984 1078 1037 rebus
1117 985 1350 1038 omnibus
1381 985 1532 1039 licitis
1561 993 1614 1039 et
1653 987 1897 1040 honestis,
1982 986 2123 1039 Hinc

285 1064 438 1118 toties
460 1066 526 1118 ab
535 1065 783 1136 Apostolo
803 1065 1034 1119 disertim
1055 1067 1339 1121 inculcatur
1361 1068 1488 1121 illud
1510 1065 1838 1133 ὑπακούετε,
1861 1072 2008 1140 Eph.
2027 1070 2120 1133 vi.;

233 1147 262 1188 3
294 1149 402 1202 Col.
431 1147 536 1211 iii.;
578 1155 631 1201 et
659 1148 796 1201 alibi.
882 1149 1175 1203 Dicendum
1204 1153 1376 1214 tertie,
1412 1151 1501 1204 ubi
1526 1152 1791 1205 observari
1819 1171 1923 1205 non
1951 1159 2122 1223 potest

285 1232 452 1299 Leyie
480 1232 756 1301 praeceptio
793 1231 901 1284 sine
930 1238 1155 1302 peccat0,
1196 1236 1470 1286 subditum
1508 1234 1551 1287 si
1579 1234 1839 1305 patienter
1873 1254 1927 1288 se
1956 1236 2122 1304 subje-

287 1314 421 1365 cerit
448 1313 693 1383 potestati
729 1316 1106 1384 LeyislatoriS,
1147 1316 1306 1368 officio
1335 1334 1427 1369 suo
1456 1323 1509 1369 et
1545 1317 1719 1370 debito
1747 1317 1927 1371 fecisse
1964 1319 2120 1380 satis3

286 1412 381 1447 nec
418 1395 637 1467 obligari
673 1395 727 1448 in
763 1397 1069 1451 conscientia
1096 1400 1175 1451 ad
1201 1400 1525 1468 faciendum
1561 1400 1700 1469 quod
1742 1402 1825 1453 lece
1857 1400 2122 1471 praecipit:

286 1476 388 1529 imo
418 1478 639 1550 obligari
667 1481 746 1532 ad
780 1498 886 1532 non
897 1481 1238 1549 faciendum,
1277 1499 1435 1551 quum
1464 1482 1563 1535 aad
1590 1481 1766 1534 illicita
1793 1482 1935 1535 nulla
1962 1481 2124 1552 possit

287 1577 400 1612 esse
442 1560 703 1632 obligatio,
793 1562 1010 1632 Semper
1047 1561 1209 1633 igitur
1247 1581 1453 1616 necesse
1506 1570 1586 1617 est
1640 1565 1852 1633 subjici,
1906 1560 2123 1637 ἀναγκῆ

287 1637 721 1705 ὑποτάσσεσθαι,
752 1660 854 1695 non
882 1660 1086 1713 semper
1113 1662 1321 1697 necesse
1350 1653 1429 1698 est
1457 1648 1683 1699 obedire.

404 1725 497 1777 IV.
559 1725 744 1788 Porr0‚
777 1743 933 1796 quum
962 1733 1239 1796 utrumque
1268 1734 1465 1780 certum
1495 1728 1577 1792 sit,
1609 1736 1720 1781 tum
1755 1731 2123 1784 Conscientias

284 1805 548 1859 hominum
579 1808 779 1860 liberas
807 1814 860 1860 et
889 1825 1014 1871 esse,
1046 1815 1101 1861 et
1143 1827 1253 1861 esse
1297 1810 1506 1875 debere,
1549 1811 1630 1864 cui
1668 1805 1947 1865 blibertati
1984 1812 2125 1864 nulla

284 1895 513 1959 potestas
542 1890 768 1942 humana
789 1890 1127 1961 praejudicare
1155 1897 1247 1944 aut
1267 1893 1428 1962 possit
1452 1900 1543 1947 aut
1572 1894 1788 1957 debeat3
1819 1902 1930 1947 tum
1961 1895 2118 1947 etiam

284 1972 662 2041 obliyationem
688 1972 947 2043 quoddam
975 1975 1250 2026 vinculum
1280 1992 1405 2037 esse,
1430 1983 1483 2028 et
1510 1978 1875 2030 necessitatem
1895 1976 2120 2046 aliquam

285 2052 545 2117 inducere,
594 2072 710 2124 quae
755 2054 963 2108 videtur
1014 2073 1128 2107 cum
1164 2055 1306 2125 justa
1347 2058 1593 2111 libertate
1638 2076 1888 2130 pugnare,
1933 2060 2123 2128 (neque

285 2135 421 2187 enim
449 2142 541 2188 aut
568 2136 772 2189 omnino
804 2139 937 2189 liber
967 2143 1060 2199 est,
1091 2137 1179 2206 qui
1206 2140 1417 2192 vinctus
1446 2146 1561 2202 est3
1593 2147 1684 2193 aut
1713 2143 1790 2193 ad
1810 2142 2125 2194 utrumlibet

289 2219 438 2279 liber,
470 2217 559 2287 qui
586 2218 653 2270 ad
676 2218 984 2271 alterutrum
1000 2222 1310 2274 necessitate
1333 2220 1508 2291 aliqua
1532 2229 1764 2276 arctatur
1785 2225 1820 2292 ε)
1849 2230 1908 2275 ut
1929 2223 2123 2293 liquido

288 2306 489 2353 constet
531 2299 810 2354 consistere
853 2318 1003 2371 posse
1038 2319 1152 2354 cum
1183 2301 1328 2372 justa
1377 2304 1837 2358 Conscientiae-um
1878 2307 2125 2359 libertate

339 2490 356 2509 ³
382 2482 449 2531 [cf.
469 2493 590 2531 supra
605 2482 786 2520 Praelect.
800 2494 841 2520 v.
863 2484 966 2521 Sect.
985 2484 1041 2532 9.]
1250 2488 1292 2524 in
1320 2492 1442 2525 totum
1471 2489 1659 2526 hominem
1689 2490 1924 2528 descendere.
1988 2491 2125 2528 Senec.

340 2543 359 2570 b
386 2544 536 2593 [Errat
551 2546 588 2581 si
605 2546 693 2593 quis
711 2545 924 2594 existimat]
945 2547 1166 2585 servitutem
1250 2550 1299 2586 de
1316 2550 1458 2587 Benef.
1475 2550 1580 2600 [Lib.
1601 2563 1668 2588 111.
1686 2563 1775 2600 cap.
1792 2551 1878 2600 xx.]

289 2669 428 2713 Rom.
458 2669 552 2713 xiii.
584 2674 639 2723 23
689 2669 844 2714 where
879 2670 940 2716 he
973 2672 1100 2729 gives
1137 2673 1317 2717 several
1359 2688 1550 2719 reasons
1579 2675 1656 2719 for
1689 2675 1772 2720 the
1810 2676 2041 2735 necessity
2075 2675 2131 2719 of

290 2740 415 2796 being]
444 2742 616 2799 subject,
643 2740 731 2785 but
766 2741 877 2785 does
906 2747 991 2787 not
1026 2744 1076 2787 in
1113 2758 1205 2802 any
1242 2758 1346 2789 case
1384 2746 1521 2790 allow
1556 2747 1800 2791 resistance.

382 2810 581 2861 Second;
623 2813 756 2857 Laws
788 2813 941 2871 oblige
971 2819 1021 2858 to
1055 2815 1338 2869 Obedience‚
1358 2831 1408 2861 as
1438 2817 1544 2861 well
1573 2832 1622 2862 as
1656 2819 1959 2872 Submission,
1991 2819 2126 2864 when

288 2879 424 2926 there
448 2883 486 2926 is
506 2896 568 2927 no
590 2884 662 2927 sin
687 2884 737 2927 in
756 2884 971 2943 obeying.
1037 2886 1150 2930 This
1180 2888 1235 2930 St
1264 2889 1385 2932 Paul
1406 2889 1643 2948 expressly
1664 2891 1857 2947 enj0ins,
1882 2892 2018 2949 using
2042 2891 2126 2935 the

288 2953 417 2996 word
441 2955 556 3011 obey,
575 2954 696 3012 Eph.
724 2955 783 2999 vi.
815 2961 838 2999 1
861 2957 955 3000 and
977 2963 1033 3010 53
1072 2957 1170 3001 Col.
1196 2959 1260 3003 iii.
1287 2964 1343 3003 20
1369 2960 1463 3003 and
1485 2966 1568 3013 223
1605 2962 1700 3004 and
1725 2961 1991 3005 elsewhere.

386 3025 531 3068 Third
540 3042 557 3074 ;
596 3026 750 3069 When
769 3026 852 3070 the
882 3028 993 3071 Law
1019 3033 1191 3073 cannot
1220 3029 1281 3073 be
1306 3030 1488 3089 obeyed
1510 3032 1708 3076 without
1729 3034 1815 3084 sin,
1835 3033 1918 3076 the
1944 3032 2125 3089 subJect

292 3093 404 3137 does
423 3094 497 3138 his
515 3096 633 3153 duty
655 3097 931 3155 sufficiently
950 3099 993 3141 if
1009 3099 1071 3142 he
1095 3100 1291 3144 submits
1311 3106 1362 3145 to
1387 3102 1469 3146 the
1489 3116 1647 3160 power
1672 3103 1727 3146 of
1746 3103 1828 3146 the
1843 3103 2119 3160 Legislator.

293 3163 369 3206 He
398 3164 437 3207 is
466 3171 551 3208 not
579 3166 741 3209 bound
771 3172 821 3210 to
852 3169 1001 3212 active
1032 3170 1313 3223 obedience3
1352 3185 1415 3215 on
1440 3173 1522 3216 the
1543 3177 1775 3231 contrary,
1794 3173 1857 3217 he
1894 3175 1932 3217 is
1962 3173 2124 3217 bound

293 3238 378 3276 not
398 3238 447 3277 to
467 3234 528 3278 be
555 3236 753 3293 actively
780 3237 1015 3282 obedient.
1091 3240 1138 3283 It
1161 3241 1199 3283 is
1224 3242 1392 3299 always
1416 3257 1661 3301 necessary
1684 3249 1734 3287 to
1766 3243 1941 3288 submit
1961 3242 2121 3299 (Rom.

293 3304 388 3347 xiii.
414 3304 478 3358 5),
500 3306 538 3348 it
558 3306 596 3348 is
620 3310 705 3349 not
730 3306 898 3364 always
922 3322 1168 3367 necessary
1192 3315 1242 3354 to
1269 3312 1403 3370 obey.

343 3381 347 3385 '
382 3380 424 3417 4.
493 3376 726 3434 Objection.
786 3377 905 3420 How
925 3379 1036 3422 does
1060 3379 1142 3423 the
1165 3381 1434 3438 Obligation
1458 3383 1669 3441 imposed
1698 3384 1761 3442 by
1782 3384 1974 3428 Human
1993 3386 2127 3430 Laws

293 3459 433 3503 agree
461 3447 574 3491 with
603 3447 685 3491 the
711 3447 905 3505 Liberty
935 3449 989 3492 of
1016 3449 1298 3495 conscience
1325 3452 1474 3496 which
1510 3467 1620 3497 man
1651 3453 1736 3498 has
1772 3455 1866 3498 and
1899 3456 2044 3513 ought
2075 3461 2126 3500 to

293 3516 412 3560 have
430 3516 449 3559 ?

379 3586 583 3632 Answer.
658 3588 791 3633 Laws
821 3603 929 3648 may
959 3590 1018 3634 be
1042 3592 1328 3637 understood
1348 3606 1398 3637 as
1424 3595 1753 3654 commanding
1777 3595 1858 3640 the
1878 3596 2127 3642 substance

293 3658 349 3702 of
372 3658 454 3702 the
483 3658 618 3716 thing
648 3661 971 3713 commanded,
1005 3675 1058 3705 or
1095 3663 1154 3707 its
1185 3664 1322 3708 form.
1405 3665 1456 3708 If
1485 3665 1568 3710 the
1610 3668 1872 3724 Legislator
1915 3682 2036 3713 were
2074 3674 2126 3713 to

292 3729 457 3773 intend
493 3734 544 3773 to
577 3730 757 3775 inforce
791 3746 853 3775 an
889 3732 1159 3789 obligation‚
1195 3749 1249 3778 or
1278 3737 1508 3794 necessity
1540 3738 1595 3780 of
1627 3738 1840 3796 obeying,
1873 3753 1922 3783 as
1957 3744 2007 3783 to
2043 3739 2127 3785 the
