2482 4166
820 275 1203 321 PRAELEOTIO
1247 275 1524 327 QUARTA.
1990 270 2094 322 105

253 411 463 483 yeneris
479 419 758 480 praecepta
787 408 966 461 eodem
993 406 1138 478 quasi
1166 406 1331 460 halitu
1367 406 1587 478 prolata,
1629 407 1811 460 eodem
1845 410 2096 464 sermonis

257 502 454 555 tenore,
485 499 539 545 et
567 492 846 544 verborum
876 490 1113 544 continuo
1143 508 1297 552 neXU‚
1328 489 1624 543 immediate
1644 489 1862 543 invicem
1892 509 1948 543 se
1977 510 2096 544 con-

256 581 558 645 sequuntur.
643 572 882 644 Exempli
914 572 1103 646 gratia,
1144 573 1316 626 Levit.
1361 572 1467 626 xiX.
1515 574 1602 635 18,
1650 580 1967 644 praeceptum
2018 581 2097 628 est

256 660 321 711 de
364 658 638 726 diliyendo
687 658 938 726 proximo
983 658 1124 709 sicut
1171 658 1403 725 seipsum
1425 678 1441 708 :
1501 654 1753 709 Versibus
1800 655 2097 709 immediate

256 740 589 809 sequentibus
634 738 934 810 praecipitur
980 756 1047 790 ne
1094 740 1325 791 duorum
1371 756 1624 807 yenerum
1658 739 1910 807 jumenta
1960 738 2097 791 coire

257 821 507 884 sinantur,
537 839 604 874 ne
637 839 767 893 ager
795 823 1000 874 diversi
1037 822 1249 891 yeneris
1276 822 1568 874 seminibus
1596 827 1815 884 seratur,
1845 839 1911 874 ne
1940 821 2097 874 vestis

258 923 285 958 e
312 906 416 957 lini
446 905 687 975 lanceque
717 914 934 957 temtura
962 902 1276 956 conficiatur.
1367 904 1601 966 Quorum
1640 903 1767 956 illud
1806 905 2011 957 morale
2048 915 2097 957 et

258 988 562 1040 universale
625 993 944 1057 praeceptum
1001 1004 1128 1047 esse,
1186 984 1286 1038 ista
1344 985 1473 1053 (sive
1533 988 1934 1040 Ceremonialia
1989 986 2098 1040 sive

256 1071 593 1139 Judicialia)
640 1068 730 1122 uni
778 1068 997 1122 Judaico
1046 1067 1237 1139 populo
1278 1070 1614 1138 peculiaria,
1666 1087 1817 1122 nemo
1875 1076 1953 1123 est
2011 1069 2098 1139 qui

258 1151 477 1205 dubitat.
566 1152 671 1205 Sed
717 1170 829 1204 cum
868 1152 979 1204 haec
1014 1150 1260 1223 leguntur
1297 1150 1352 1203 in
1388 1151 1644 1214 Ecclesiis,
1680 1152 1819 1221 quod
1855 1152 1921 1205 sit
1959 1151 2098 1204 inter

259 1252 322 1286 ea
362 1233 572 1304 aliquod
616 1234 865 1304 ejusmodi
915 1233 1206 1298 discrimen,
1255 1252 1360 1286 non
1404 1240 1576 1303 potest
1620 1253 1685 1286 ex
1725 1234 1895 1304 aliquo
1937 1233 2098 1305 ipsius

258 1322 434 1369 textus
488 1316 673 1369 indicio
732 1323 983 1370 constare.
1072 1315 1320 1387 Ejusdem
1366 1315 1522 1369 etiam
1580 1316 1761 1387 capitis
1816 1336 1973 1371 versu
2022 1320 2094 1370 30

259 1400 499 1452 Sabbati
526 1401 904 1467 sanctificatiO,
935 1410 985 1452 et
1016 1401 1340 1452 Sanctuarii
1367 1401 1682 1461 reverentia,
1713 1399 1953 1452 continua
1981 1418 2098 1452 ver-

258 1481 442 1534 borum
484 1481 617 1534 serie
659 1481 1008 1552 pariformiter
1050 1480 1438 1551 praecipiuntur,
1476 1480 1634 1550 idque
1676 1481 1856 1533 eadem
1902 1480 2098 1534 solenni

251 1562 386 1633 juris
429 1563 719 1626 Sanctione,
762 1566 888 1632 Eyo
926 1564 1170 1616 Jehovah
1191 1583 1208 1614 .·
1251 1580 1361 1614 esse
1410 1569 1585 1615 tamen
1631 1581 1735 1615 non
1785 1562 1964 1616 dubito
2010 1563 2098 1633 qui

257 1651 458 1716 putent,
521 1645 686 1698 altero
745 1651 1006 1716 praecepto
1077 1646 1442 1698 Conscientiae
1498 1644 1763 1698 hominum
1817 1645 2097 1698 etiamnum

258 1726 446 1794 teneri,
472 1727 638 1780 altero
667 1746 771 1780 non
800 1727 981 1781 teneri.
1071 1727 1179 1779 Cur
1220 1733 1395 1779 tamen
1428 1726 1498 1779 sic
1536 1734 1738 1797 putent,
1780 1746 1896 1781 cum
1934 1728 2001 1782 sit
2042 1728 2097 1780 in

257 1809 370 1881 ipso
397 1811 569 1863 Textu
597 1810 687 1864 ubi
716 1810 887 1863 omnia
916 1816 1036 1863 sunt
1065 1808 1213 1880 paria
1238 1816 1346 1862 tam
1375 1809 1469 1862 lati
1512 1809 1816 1863 discriminis
1851 1829 1946 1863 nec
1982 1810 2098 1863 vola

256 1910 352 1945 nec
401 1892 690 1964 vestigium,
726 1911 830 1946 non
874 1893 1082 1946 aliunde
1127 1899 1269 1944 certe
1315 1899 1410 1954 est,
1462 1909 1616 1962 quam
1663 1911 1728 1945 ex
1769 1896 2005 1946 rationis
2044 1900 2097 1946 et

247 1977 560 2046 prudentiae
607 1975 837 2046 judicio:
895 1994 996 2046 quo
1054 1974 1248 2028 secluso
1313 1992 1418 2026 non
1488 1982 1702 2044 possunt
1768 1977 2098 2044 obliyatoria

251 2069 527 2128 praecepta
556 2076 589 2111 a
614 2077 716 2111 non
746 2057 1065 2131 obligatoriis
1094 2057 1164 2110 sic
1187 2055 1434 2128 dignosci,
1462 2063 1520 2109 ut
1549 2075 1652 2108 non
1682 2058 1895 2110 fluctuet
1937 2076 2097 2129 saepe-

258 2157 472 2192 numero
502 2143 844 2203 conscientia,
875 2159 970 2193 nec
1004 2147 1145 2193 certo
1189 2138 1332 2200 sciat,
1379 2137 1503 2209 quid
1546 2139 1643 2193 sibi
1680 2139 1970 2193 faciendum
2012 2141 2094 2205 sit,

260 2221 385 2292 quid
410 2240 515 2274 non
542 2223 846 2285 faciendum,
870 2222 1125 2293 judicare.

386 2305 562 2359 XVII.
642 2306 904 2359 Probatur
950 2316 1160 2373 quarm,
1214 2325 1280 2360 ex
1335 2304 1668 2359 incommodis
1717 2304 1936 2359 diversae
1982 2325 2096 2360 sen-

259 2385 468 2440 tentiae:
504 2386 744 2440 nimirum
765 2387 1083 2460 gravissimis
1104 2388 1202 2441 illis
1231 2388 1392 2452 maliS,
1425 2407 1540 2459 quae
1574 2390 1879 2442 Ecclesiam
1915 2392 2098 2444 Chris-

262 2471 476 2522 tianam
496 2469 699 2540 jamdiu
732 2477 1090 2533 exercuerunt,
1136 2479 1408 2542 postquam
1448 2489 1513 2524 ex
1556 2470 1690 2523 male
1731 2470 1992 2525 intellecta
2030 2473 2097 2526 de

261 2553 456 2605 Sacrae
501 2554 802 2622 Scripturae
833 2555 1163 2623 perfectione
1200 2553 1449 2616 doctrina,
1482 2552 1704 2606 obtinuit
1733 2554 1873 2623 apud
1900 2554 2098 2624 aliquot

259 2634 434 2705 magni
470 2634 686 2686 nominis
733 2634 872 2688 viros
914 2635 1369 2706 periculosissimus
1411 2655 1576 2697 error,
1621 2634 1751 2687 nihil
1792 2638 1937 2690 licite
1967 2639 2099 2705 fieri

258 2733 407 2786 posse
435 2717 624 2770 nedum
648 2720 896 2788 praecipi,
929 2718 1067 2789 quod
1095 2737 1198 2771 non
1223 2726 1358 2772 esset
1385 2737 1417 2773 a
1445 2720 1560 2771 Deo
1589 2717 1643 2771 in
1677 2720 1979 2787 Scriptura
2006 2728 2099 2774 aut

260 2911 310 2955 If
324 2911 459 2957 there
479 2926 599 2957 were
624 2927 687 2958 no
712 2914 834 2958 Rule
854 2913 941 2958 but
964 2915 1205 2973 Scripture
1231 2915 1363 2959 itself
1384 2914 1460 2959 for
1480 2914 1744 2972 discerning
1768 2927 1939 2972 among
1964 2915 2097 2960 these

260 2983 478 3028 different
499 2985 680 3037 classeS‚
701 2986 783 3030 the
806 2986 1088 3030 Conscience
1109 2991 1234 3031 must
1256 2987 1388 3031 often
1407 2987 1466 3030 be
1486 2990 1535 3029 at
1556 2999 1584 3028 a
1604 2986 1709 3030 loss.

355 3054 463 3098 And
483 3057 732 3115 especially
757 3072 806 3101 as
832 3058 964 3102 these
985 3058 1202 3103 different
1221 3059 1387 3102 classes
1408 3071 1488 3101 are
1508 3057 1922 3114 indiscriminately
1941 3058 2097 3102 mixed

260 3126 503 3182 together:
547 3127 623 3170 for
659 3129 884 3186 example,
907 3130 1056 3173 Levit.
1085 3130 1174 3173 xix.
1213 3134 1282 3173 18.
1340 3128 1450 3183 [See
1472 3129 1617 3172 Elem.
1643 3129 1815 3171 Moral.
1842 3128 1941 3172 Art.
1966 3128 2090 3183 553].

261 3195 369 3238 And
396 3197 547 3252 again,
573 3198 686 3242 Lev.
710 3200 796 3242 xix,
827 3205 897 3251 30,
929 3200 993 3243 Ye
1022 3201 1139 3244 shall
1166 3200 1266 3257 keep
1296 3215 1373 3257 my
1402 3201 1620 3251 sabbaths,
1650 3201 1746 3241 and
1773 3213 1993 3243 reverence
2020 3215 2098 3257 my

261 3273 535 3323 sanctuary:
577 3269 612 3310 I
642 3284 719 3311 am
752 3271 819 3312 the
851 3270 992 3313 Lorcl.
1074 3271 1150 3314 No
1180 3271 1328 3314 doubt
1355 3285 1484 3315 some
1511 3283 1704 3328 persons
1738 3269 1851 3313 hold
1883 3270 1988 3314 that
2017 3271 2098 3315 the

261 3337 439 3381 former
458 3342 563 3394 part
582 3338 637 3381 of
652 3339 732 3382 the
752 3345 946 3397 precept
964 3341 1002 3384 is
1022 3340 1218 3398 binding
1233 3355 1295 3384 on
1314 3341 1439 3385 their
1455 3341 1761 3391 consciences,
1778 3340 1870 3383 and
1889 3341 1994 3386 that
2014 3342 2097 3386 the

262 3408 403 3452 latter
426 3409 463 3453 is
489 3413 572 3452 not
593 3423 657 3453 so.
718 3411 813 3454 But
832 3411 945 3468 they
970 3425 1058 3455 can
1077 3411 1226 3455 found
1250 3412 1365 3456 such
1385 3426 1445 3454 an
1466 3411 1656 3468 opinion
1676 3412 1785 3469 only
1810 3425 1872 3455 on
1891 3414 2097 3469 grounds

263 3480 318 3523 of
331 3494 512 3525 reason.
576 3481 752 3533 Hence,
772 3481 968 3525 without
988 3482 1069 3525 the
1090 3482 1231 3539 Light
1248 3483 1300 3526 of
1321 3484 1508 3526 Reason
1528 3496 1596 3526 we
1623 3487 1793 3527 cannot
1819 3483 2097 3543 distinguish

262 3551 396 3595 when
416 3557 631 3610 precepts
651 3553 707 3595 of
730 3554 969 3611 Scripture
991 3567 1071 3597 are
1096 3553 1367 3611 obligatory.

354 3625 425 3669 17.
486 3625 638 3667 Proof
663 3626 865 3668 Fourth:
903 3626 1046 3669 From
1071 3624 1152 3669 the
1173 3625 1558 3669 inconveniences
1574 3624 1628 3669 of
1654 3625 1735 3669 the
1760 3628 1972 3684 opposite
1998 3630 2097 3688 opi-

262 3694 389 3737 nion.
466 3695 608 3739 From
633 3696 715 3740 the
748 3696 960 3741 doctrine
994 3697 1048 3740 of
1074 3696 1155 3740 the
1187 3697 1452 3754 sufficiency
1483 3697 1538 3740 of
1565 3697 1817 3755 Scripture,
1848 3699 2096 3745 ill-under-

262 3765 412 3819 stood,
436 3765 520 3811 has
550 3768 716 3821 arisen‚
734 3768 783 3812 in
804 3769 999 3813 modern
1029 3769 1179 3822 times,
1210 3782 1238 3813 a
1273 3768 1533 3826 dangerous
1565 3783 1739 3823 errour,
1769 3770 1873 3815 that
1899 3772 2098 3832 nothing
