2482 4166
824 298 1206 343 PRAELEOTIO
1250 299 1411 350 QUIN
1415 296 1512 343 TA.
1990 294 2015 343 1
2026 294 2093 347 29

254 428 499 501 obligant,
545 433 598 481 et
643 427 784 480 velut
826 426 1181 489 ambulatorie,
1221 445 1329 496 pro
1379 427 1469 479 hic
1514 436 1564 479 et
1611 444 1766 488 nunc,
1811 428 2091 481 secundum

252 510 564 584 exigentiam
594 508 1119 579 circumstantiarum3
1150 509 1226 562 Ut
1260 503 1284 535 b
1305 510 1417 561 Lex
1442 507 1550 561 sive
1580 510 1750 562 Ratio
1781 511 2073 563 Scandali.

370 594 472 645 III.
557 592 793 645 Postulat
833 590 1027 644 ordinis
1059 590 1208 653 rati0,
1255 599 1313 644 ut
1346 609 1379 643 a
1397 593 1584 660 primo
1613 590 1699 643 illo
1729 609 1924 662 genere
1954 591 2091 644 ordi-

250 694 413 737 amur,
453 675 508 727 in
546 693 647 745 quo
689 674 933 727 familiam
964 674 1156 727 ducunt
1182 676 1352 743 Le9es
1379 675 1670 726 Humanae.
1760 674 1843 725 De
1869 691 2090 743 quarum

250 759 574 828 obliyatione
622 775 737 827 quae
775 774 807 809 a
835 755 981 809 nobis
1021 755 1237 809 dicenda
1275 763 1443 818 erunt,
1480 755 1548 808 ad
1584 756 1713 808 duas
1752 755 1906 808 hasce
1950 774 2090 826 quae-

250 839 440 893 stiones
482 838 716 893 revocari
758 845 972 910 possunt
1017 838 1290 892 universa:
1332 841 1422 890 An
1460 837 1651 891 scilicet
1693 840 1925 907 obliyent
1968 858 2089 892 con-

249 925 507 977 scientias
550 924 718 994 Leges
763 922 1034 984 humanae3
1110 928 1164 975 et
1215 924 1491 983 Quatenus
1542 922 1786 991 obliyent.
1864 921 2089 974 Casuum

250 1005 613 1075 plerorumque
652 1003 1038 1075 particularium
1079 1003 1439 1057 determinatio
1479 1003 1547 1056 ad
1568 1006 1921 1074 posteriorem
1949 1019 2089 1074 quae-

249 1087 467 1140 stionem
513 1087 679 1160 magis
719 1086 980 1157 pertinet;
1021 1086 1087 1139 de
1131 1104 1234 1156 qua
1281 1086 1345 1156 (si
1390 1087 1534 1139 Deus
1582 1085 1844 1155 annuerit)
1887 1086 2089 1140 institu-

249 1176 402 1223 entur
445 1169 634 1223 futurae
674 1170 871 1239 aliquot
912 1168 1303 1240 praelectiones:
1334 1171 1580 1239 priorem
1622 1169 1783 1222 solam
1821 1169 1918 1221 hoc
1959 1176 2089 1221 tem-

248 1270 375 1321 pore
416 1252 745 1324 attingemuS,
790 1253 925 1304 hanc
967 1252 1172 1314 scilicet,
1218 1253 1309 1304 An
1351 1254 1521 1321 Leyes
1563 1253 1814 1304 humanae
1856 1253 2088 1320 obliyent

256 1337 621 1389 Conscientias
641 1357 657 1388 :
717 1334 1014 1405 Subjectum
1059 1333 1353 1404 quaestionis
1403 1352 1507 1386 non
1551 1333 1751 1406 indiget
1793 1333 1955 1386 multa
1998 1352 2086 1387 ex-

246 1417 537 1488 plicatione.
624 1420 755 1479 Leoe,
794 1417 903 1470 sive
933 1419 1117 1486 primo
1153 1436 1191 1469 a
1219 1419 1239 1444 ⁰
1260 1418 1489 1487 ZeyendO,
1533 1416 1566 1469 i.
1592 1434 1635 1469 e.
1681 1415 1918 1488 eligendo
1949 1415 2088 1470 dicta

247 1502 435 1563 active,
484 1506 544 1553 ut
593 1502 842 1554 Ciceroni
877 1499 1085 1569 placuit,
1130 1499 1269 1568 quod
1319 1498 1669 1570 Legislatores
1710 1516 1774 1550 ea
1810 1515 1926 1567 quae
1965 1498 2087 1551 Rei-

246 1582 463 1652 publicae
505 1582 671 1654 magis
719 1581 866 1634 utilia
923 1581 1037 1633 fore
1074 1580 1380 1651 judicabant
1435 1582 1688 1650 eliqerent
1707 1600 1724 1632 .·
1782 1579 1890 1632 sive
1947 1580 2088 1649 quod

244 1663 332 1715 alii
378 1664 592 1727 malunt,
633 1666 875 1725 secundo,
928 1682 967 1716 a
1015 1664 1228 1733 leyendo
1272 1662 1412 1727 item,
1459 1663 1550 1715 sed
1595 1662 1649 1715 in
1691 1662 1793 1715 alia
1830 1661 2086 1735 significa-

245 1745 400 1811 tione,
458 1765 622 1816 eaque
661 1748 883 1817 passive
932 1753 1159 1816 accepta,
1206 1745 1346 1815 quod
1396 1751 1664 1816 oporteret
1708 1747 1894 1814 Leqes,
1946 1764 2083 1808 mox,

245 1828 334 1881 ubi
373 1829 494 1881 latae
531 1836 717 1891 essent,
764 1828 919 1881 aeneis
951 1828 1141 1881 tabulis
1169 1827 1368 1891 incisaS,
1408 1834 1501 1880 aut
1529 1827 1658 1880 alias
1688 1827 2002 1898 perscriptas
2033 1835 2086 1882 et

246 1910 490 1964 columnis
518 1930 772 1983 appensas
801 1910 1020 1981 proponi
1048 1910 1102 1962 in
1127 1910 1346 1981 publico,
1377 1918 1436 1963 ut
1469 1928 1501 1963 a
1526 1910 1714 1981 populo
1747 1912 2042 1979 leyerentur
2063 1932 2082 1971 ,-

245 1992 354 2046 sive
402 1994 623 2064 denique
681 2013 747 2047 ex
800 1993 1017 2046 aliorum
1076 2001 1248 2046 mente
1300 1996 1472 2054 tertio,
1529 2011 1562 2045 a
1604 1986 1887 2062 dliyomdo,
1946 1993 2085 2062 quod

245 2075 475 2129 subditos
527 2077 595 2129 ad
641 2095 727 2129 eos
774 2076 1153 2128 observandum
1199 2077 1538 2144 obliyarent:
1593 2074 1648 2126 in
1704 2093 1898 2146 genere
1954 2075 2084 2128 nihil

244 2158 385 2211 aliud
411 2166 488 2212 est
518 2178 671 2228 quam
697 2160 889 2228 reyula
918 2161 1117 2226 ayendi
1145 2160 1358 2210 subdito
1395 2177 1433 2209 a
1467 2159 1739 2227 superiore
1764 2167 2085 2227 potestatem

246 2242 468 2294 habente
496 2243 767 2310 imposita.
852 2238 1109 2292 Dicuntur
1135 2247 1310 2292 autem
1338 2242 1615 2292 Humanae
1645 2241 1778 2309 leyes
1804 2258 1898 2309 per
1927 2258 2085 2311 oppo-

246 2322 483 2375 sitionem
531 2323 598 2375 ad
646 2325 906 2376 Divinas.
989 2321 1134 2375 Sicut
1177 2321 1312 2374 enim
1363 2324 1587 2374 Divinoe
1636 2322 1963 2392 appellantur
2007 2341 2083 2375 eae

244 2406 430 2473 Leyes,
462 2423 579 2475 quae
613 2404 715 2457 Dei
742 2404 901 2475 ipsius
937 2403 1248 2457 auctoritate
1285 2404 1584 2457 immediate
1613 2404 1905 2457 constitutae
1942 2411 2081 2467 sunt,

245 2486 355 2540 sive
385 2505 460 2540 eae
488 2489 796 2541 Naturales
823 2486 940 2550 sint,
985 2486 1094 2540 sive
1131 2488 1424 2540 Positivae:
1470 2486 1544 2539 sic
1586 2489 1867 2540 Humanae
1910 2487 2085 2540 dicun-

295 2668 314 2696 b
341 2669 465 2719 [conf.
484 2670 588 2707 infra
604 2669 719 2707 Prael.
740 2680 785 2706 x.
805 2669 910 2708 Sect.
928 2668 987 2717 2.]
1198 2681 1260 2708 xc.
1283 2669 1392 2718 [Art.
1408 2671 1443 2706 1.
1469 2666 1663 2715 conclus.]
1694 2667 1796 2705 Biel.
1831 2666 1891 2716 [in
1920 2667 2085 2704 tertium

294 2737 311 2757 ⁰
336 2730 521 2768 Delectus
540 2732 618 2768 vim
636 2732 677 2767 in
699 2731 781 2779 leqe
802 2730 996 2779 ponimus.
1039 2731 1123 2769 Cic.
1198 2732 1343 2769 librum
1398 2731 1684 2769 sententiarum
1733 2730 1921 2768 Distinet.
1963 2730 2082 2767 xxvii.

245 2793 295 2829 de
312 2793 452 2841 Legib.
471 2792 560 2830 Lib.
582 2805 611 2830 1.
635 2793 738 2842 [cap.
758 2792 833 2840 vi.]
1201 2794 1352 2838 Quaest.
1369 2794 1461 2831 Art.
1476 2797 1512 2840 1,
1531 2794 1646 2831 Tom.
1666 2793 1723 2830 11.
1741 2804 1780 2842 p.
1792 2792 1877 2832 349.
1894 2792 1956 2829 ed.
1975 2792 2084 2830 Brix.

292 2855 312 2881 ἀ
338 2856 488 2904 Aquin.
511 2856 619 2894 Sum.
642 2856 783 2894 Theol.
799 2858 871 2892 1¹1¹a
890 2855 961 2894 2<¹ae
982 2859 1126 2905 quaest.
1201 2855 1330 2905 1574]

338 2996 379 3035 3.
417 2991 505 3035 We
541 2994 666 3034 must
701 2990 802 3034 first
823 2989 1036 3034 consider
1053 2990 1135 3034 the
1156 2991 1273 3035 class
1295 2995 1344 3035 to
1365 2989 1514 3034 which
1536 2990 1727 3033 Human
1746 2989 1879 3032 Laws
1892 2988 2063 3045 belong
2071 3004 2084 3041 3

247 3062 297 3104 in
316 3061 466 3105 which
491 3076 558 3105 we
579 3062 697 3105 have
726 3067 776 3105 to
815 3062 1027 3105 consider
1056 3066 1148 3105 two
1184 3063 1445 3119 questions:
1486 3062 1691 3105 Whether
1721 3061 1912 3103 Human
1948 3060 2082 3103 Laws

248 3145 328 3175 are
357 3132 617 3189 obligatory
651 3146 713 3175 on
742 3132 825 3176 the
848 3132 1157 3184 Conscience3
1187 3133 1282 3176 and
1311 3134 1430 3176 How
1448 3134 1544 3189 sar
1567 3132 1681 3190 they
1701 3144 1781 3174 are
1803 3130 2078 3188 obligatory.

249 3201 350 3245 The
370 3202 472 3245 first
489 3203 527 3245 is
551 3202 664 3245 here
688 3207 739 3245 to
754 3203 815 3245 be
835 3202 1124 3246 considered.

342 3271 443 3314 The
468 3272 647 3327 subject
672 3272 710 3315 is
735 3273 881 3323 Laws,
906 3273 1054 3328 Leyes.
1132 3272 1234 3317 The
1253 3274 1381 3317 word
1401 3274 1439 3317 is
1461 3272 1664 3323 derived,
1689 3284 1817 3315 some
1844 3284 1939 3328 say,
1959 3270 2083 3314 from

252 3343 440 3400 leyendo,
461 3343 663 3398 choosin9
676 3357 693 3390 ‚·
726 3341 896 3393 others,
919 3342 1043 3385 from
1064 3343 1252 3399 Ζ696ηοῖο,
1282 3345 1470 3400 readiny
1483 3360 1500 3392 ;
1539 3342 1710 3393 others,
1738 3341 1862 3384 from
1887 3342 2083 3398 liyando,

250 3414 448 3470 bindiny.
509 3411 551 3455 A
571 3413 681 3455 Law
701 3412 739 3455 is
760 3412 945 3455 defined
966 3412 1047 3454 “A
1066 3413 1189 3457 Rule
1209 3414 1262 3457 of
1282 3414 1466 3470 Acting,
1486 3413 1698 3470 imposed
1720 3425 1846 3469 upon
1867 3426 1895 3455 a
1912 3426 2084 3469 person

248 3483 498 3542 governed,
528 3483 591 3540 by
616 3497 644 3526 a
673 3496 903 3540 governor
932 3481 1036 3526 who
1065 3482 1149 3526 has
1178 3484 1260 3527 the
1290 3484 1487 3540 power.’'
1547 3483 1611 3526 As
1642 3482 1777 3526 those
1807 3497 1888 3526 are
1912 3483 2084 3528 Divine

248 3557 381 3600 Laws
414 3554 645 3613 (whether
679 3554 881 3597 Natural
916 3567 969 3596 or
1006 3552 1236 3608 Positive)
1270 3554 1421 3598 which
1459 3568 1539 3597 are
1577 3553 1859 3598 established
1900 3553 1964 3612 by
2001 3554 2085 3599 the

249 3626 487 3683 authority
503 3625 557 3669 of
575 3625 681 3669 God
701 3625 925 3682 directly3
955 3637 1006 3668 so
1027 3623 1161 3668 those
1180 3625 1312 3669 Laws
1333 3639 1413 3669 are
1435 3625 1585 3668 called
1609 3625 1800 3667 Human
1819 3624 1969 3668 which
1990 3639 2085 3677 are,

248 3697 313 3755 by
332 3711 455 3748 men,
480 3696 625 3740 albeit
648 3696 711 3754 by
730 3710 791 3739 an
810 3695 1049 3752 authority
1067 3696 1258 3741 derived
1282 3700 1333 3740 to
1356 3696 1487 3740 them
1511 3696 1634 3740 from
1656 3695 1776 3749 God,
1802 3696 2086 3741 established

250 3768 343 3812 and
362 3768 572 3826 imposed
592 3780 720 3825 upon
737 3766 860 3811 their
880 3766 1096 3823 subJects.

423 3887 632 3962 [mn]
1798 3851 1831 3901 9
