2482 4166
446 252 559 308 ‘178
789 260 876 303 DE
916 258 1147 305 LEGUM
1185 257 1610 305 HUMANARUM
1648 258 1955 305 MATERIA.

580 390 651 442 X.
740 388 974 441 Donum
1007 390 1306 452 QUARTUM,
1338 389 1404 442 de
1437 407 1496 442 re
1527 392 1678 461 turpi
1707 395 1759 443 et
1787 391 2005 452 illicita,
2037 385 2174 459 quod
2213 395 2291 441 est

458 490 582 527 sane
621 471 796 544 magni
823 470 1068 524 momenti
1107 471 1333 534 dubium,
1371 478 1425 525 et
1460 472 1647 525 multos
1686 490 1831 525 casus
1869 472 2126 525 continet:
2170 470 2291 541 quia

457 573 633 608 omnes
678 556 789 607 fere
839 554 1167 616 conditiones,
1220 571 1337 624 quae
1385 553 1453 606 ad
1501 553 1670 626 legem
1726 555 1827 608 rite
1882 554 2290 607 constituendam

455 638 808 708 requiruntur,
841 637 911 690 ad
944 654 1100 689 unam
1136 629 1450 688 fJusciciam
1487 637 1820 691 reducuntur.
1906 638 2028 690 Non
2070 636 2136 690 ob
2176 654 2290 690 eam

457 721 711 775 duntaxat
738 718 1005 782 rationem,
1037 717 1175 788 quod
1202 719 1529 770 universalis
1555 719 1795 771 Justitia

1008 814 1303 871 εσυλλήβδην
1337 813 1442 859 πᾶσ·’
1479 813 1608 873 ἀρετὴ
1644 814 1747 868 ἀτ-ἶ,

456 908 509 956 et
537 902 806 955 universas
835 899 1054 953 virtutes
1076 916 1167 950 suo
1193 896 1390 950 ambitu
1413 897 1806 967 complectatur:
1835 898 1927 951 sed
1957 899 2021 951 ob
2050 897 2105 952 id
2134 898 2290 952 etiam

454 983 760 1055 praesertim,
795 982 934 1052 quod
971 981 1209 1033 Justitia
1235 980 1624 1049 particularis,
1655 987 1709 1034 et
1742 980 2007 1052 speciatim
2042 981 2130 1034 illa
2173 1000 2289 1051 quae

454 1067 677 1134 Leqalis
705 1066 936 1133 justitia
979 1062 1079 1115 dici
1121 1061 1265 1123 solet,
1310 1079 1421 1131 prae
1464 1061 1674 1132 reliquis
1716 1062 1993 1117 virtutibus
2037 1064 2285 1127 omnibuS,

452 1146 769 1218 praecipuum
798 1145 865 1199 sit
900 1152 953 1198 et
982 1143 1128 1214 quasi
1155 1143 1359 1196 unicum
1393 1146 1942 1214 Rerumpublicarum
1982 1153 2036 1200 et
2064 1145 2288 1198 omnium

452 1230 795 1282 humanarum
824 1226 1124 1281 societatum
1154 1225 1403 1278 columen.
1493 1226 1643 1279 Circa
1670 1228 1768 1279 hoc
1797 1227 2008 1281 dubium
2037 1228 2288 1300 quaeritur

442 1315 644 1383 primo,
676 1313 766 1364 An
795 1321 1023 1381 propter
1050 1310 1345 1362 utilitatem
1376 1309 1660 1377 publicam
1684 1312 1837 1378 ferri
1871 1312 2059 1363 debeat
2091 1312 2173 1364 lew
2206 1313 2288 1364 in-

439 1396 644 1464 justa?
719 1392 923 1447 Dicitur
961 1393 1015 1445 in
1055 1410 1117 1444 ea
1148 1391 1304 1444 fuisse
1339 1391 1594 1444 sententia
1622 1394 1749 1446 Nic.
1781 1394 2196 1456 Machiavellus,
2230 1400 2289 1445 ut

454 1478 648 1529 diceret
688 1478 888 1548 Legum
929 1474 1154 1528 debitam
1184 1475 1473 1527 materiam
1504 1492 1614 1527 esse
1646 1493 1774 1540 eam,
1807 1474 1914 1528 sive
1936 1477 2148 1544 justam
2178 1475 2288 1529 sive

451 1560 728 1628 injustam,
770 1577 885 1629 quae
927 1559 1102 1612 statui
1139 1558 1362 1625 politico
1392 1558 1743 1610 conservando
1772 1559 2112 1630 augendoque
2155 1565 2288 1611 esset

452 1641 871 1695 commodissima.
954 1641 1122 1703 Quum
1153 1638 1287 1690 enim
1313 1642 1605 1709 potestatis
1646 1642 1827 1694 civilis
1862 1641 1948 1708 (ex
1976 1640 2135 1710 ipsius
2172 1658 2286 1693 sen-

452 1724 635 1793 tentia)
679 1723 792 1776 finis
831 1723 897 1776 sit
944 1725 1032 1776 sui
1075 1723 1420 1783 conservatiO,
1464 1728 1516 1773 et
1558 1720 1758 1793 imperii
1802 1724 2103 1792 amplitudo
2120 1743 2140 1783 ;
2192 1740 2287 1775 nec

452 1807 613 1878 possit
670 1825 731 1859 ea
780 1811 1007 1876 potestas
1057 1810 1265 1857 strenue
1312 1806 1634 1866 conservari,
1693 1803 1855 1857 multo
1904 1811 2077 1858 autem
2119 1803 2287 1857 minus

443 1891 691 1959 proferri
718 1887 1003 1959 imperium,
1046 1886 1088 1939 si
1117 1885 1259 1957 leges
1298 1903 1488 1947 omnes,
1534 1886 1705 1939 omnia
1732 1886 2029 1957 Principum
2062 1886 2284 1951 consilia,

450 1971 518 2024 ad
541 1977 773 2023 exactam
786 1971 1024 2038 justitiae
1044 1975 1098 2021 et
1119 1969 1325 2020 honesti
1349 1985 1583 2020 normam
1606 1975 1775 2022 essent
1796 1969 2077 2041 exigenda:
2107 1987 2286 2023 eorum

450 2053 540 2124 qui
592 2058 824 2123 praesunt
879 2051 1128 2104 interesse
1178 2049 1399 2112 videtur,
1450 2049 1524 2102 ita
1552 2049 1761 2103 'inflecti
1808 2069 2176 2121 nonnunquam
2231 2052 2285 2104 in

449 2135 667 2189 alteram
709 2140 912 2205 partem
951 2134 1157 2186 honesti
1187 2131 1436 2203 regulam,
1482 2137 1541 2185 ut
1579 2135 1819 2186 utilitati
1846 2135 2084 2203 publicae
2125 2134 2285 2204 possit

454 2217 721 2271 inservire.
809 2219 1001 2270 Finem
1024 2215 1159 2268 enim
1195 2214 1249 2266 in
1279 2213 1417 2266 omni
1451 2231 1526 2276 re,
1558 2215 1804 2285 optimam
1833 2234 1943 2269 esse
1980 2235 2285 2270 mensuram

449 2302 761 2353 mediorum.
849 2300 984 2352 Utut
1013 2298 1081 2351 sit
1110 2297 1175 2349 de
1203 2298 1586 2360 Machiavello‚
1623 2297 1720 2350 fuit
1748 2298 1835 2352 illa
1861 2304 2002 2351 certe
2030 2298 2284 2351 sententia

450 2381 626 2453 magni
669 2381 886 2434 nominis
933 2380 1052 2433 olim
1097 2379 1237 2449 apud
1275 2372 1556 2432 hLacones
1585 2379 1697 2442 viri,
1733 2380 1822 2451 qui
1864 2380 2034 2450 palam
2076 2380 2130 2433 id
2173 2398 2284 2433 esse

449 2466 722 2517 honestum
770 2461 1129 2533 pronunciavit
1172 2461 1310 2531 quod
1368 2468 1502 2513 633613
1554 2464 1774 2531 Spartis
1816 2464 1964 2515 utile.
2050 2462 2283 2516 Affertur

451 2546 718 2598 firmandae
745 2545 865 2597 huic
894 2543 1162 2598 sententiae
1193 2543 1387 2596 dictum
1423 2542 1551 2596 illud
1578 2545 1956 2597 Horatianum

803 2633 937 2701 ἱ1111311
953 2678 962 2687 .
983 2677 993 2687 .
1013 2676 1023 2687 .
1041 2643 1212 2685 utilitas
1232 2642 1347 2699 justi
1368 2657 1513 2699 prope
1541 2650 1685 2687 mater
1713 2651 1752 2688 et
1782 2644 1926 2701 aequi:

449 2722 757 2794 Exemplum
793 2723 951 2776 etiam
992 2726 1316 2784 Turcarum,
1353 2722 1490 2791 quod
1520 2740 1674 2794 quam
1709 2723 1833 2794 ipsis
1861 2723 2087 2777 salutare
2124 2723 2283 2777 fuerit

500 2904 515 2931 f
539 2904 683 2943 πάντα
700 2904 758 2942 mi
777 2904 926 2955 νόμιμα’
944 2906 1040 2943 ἐστί
1056 2921 1146 2943 πως
1171 2906 1325 2944 δίκαια.
1456 2904 1476 2931 ¹¹
1506 2905 1581 2954 [sc.
1593 2904 1806 2953 Lysandri:
1833 2904 2122 2943 vid.P1utarch.
2132 2904 2280 2943 Lacon.

448 2968 621 3006 Aristot.
640 2968 735 3005 Eth.
756 2968 845 3007 Nic.
864 2968 953 3005 Lib.
969 2979 1010 3007 v.
1032 2968 1136 3017 [cap.
1155 2968 1229 3017 iii.]
1406 2968 1617 3016 Apophth.
1635 2979 1677 3015 p.
1694 2967 1782 3014 227,
1801 2967 1862 3003 ed.
1881 2966 2071 3014 Hutten.]

503 3037 523 3064 g
548 3031 767 3079 Theognis.
783 3030 833 3080 [v.
851 3033 936 3077 103,
949 3031 1010 3068 ed.
1031 3030 1217 3068 Welcker.
1237 3031 1323 3067 lau-
1456 3030 1467 3057 ¹
1497 3031 1584 3068 Lib.
1603 3041 1633 3068 1.
1653 3030 1771 3068 Satir.
1784 3030 1838 3067 iii.
1859 3029 1913 3079 [v.
1926 3028 2010 3078 98.]

448 3093 564 3131 datus
581 3094 632 3130 ab
650 3093 883 3139 Aristotele,
901 3093 996 3131 Eth.
1014 3093 1103 3130 Nic.
1121 3104 1162 3131 v.
1179 3092 1259 3141 iii.]

537 3211 608 3251 10.
672 3207 872 3250 Fotmm
898 3208 1081 3251 Dounax
1149 3206 1216 3250 Of
1245 3206 1421 3264 Things
1443 3206 1621 3264 Wrong
1645 3206 1739 3250 and
1762 3206 1967 3250 Vicious.
2032 3204 2279 3256 Questions

445 3278 697 3335 belonging
716 3282 766 3321 to
797 3278 890 3322 this
917 3278 1040 3323 head
1065 3291 1145 3322 are
1175 3278 1417 3337 generally
1440 3282 1491 3322 to
1525 3277 1587 3322 be
1620 3278 1817 3322 decided
1849 3277 1914 3336 by
1940 3276 2022 3321 the
2044 3275 2278 3320 consider-

445 3349 575 3392 ation
606 3350 661 3393 of
690 3349 884 3393 Justice.

535 3421 660 3463 First
689 3421 908 3475 Question.
969 3419 1198 3465 Whether
1222 3435 1283 3464 an
1308 3421 1467 3478 unjust
1491 3421 1601 3464 Law
1626 3433 1735 3478 may
1758 3420 1819 3463 be
1838 3418 1975 3462 made
1996 3431 2059 3461 on
2082 3420 2280 3461 account

446 3490 501 3533 of
520 3491 678 3547 public
703 3492 874 3549 utility.

543 3562 644 3605 The
680 3563 952 3606 affirmative
990 3561 1074 3606 has
1112 3562 1235 3606 been
1270 3562 1382 3606 held
1417 3563 1481 3620 by
1512 3559 1785 3611 Machiavel,
1819 3559 1883 3617 by
1917 3558 2159 3616 Lysander
2196 3556 2279 3601 the

448 3631 663 3687 Spartan,
683 3632 748 3690 by
767 3634 967 3686 Horace,
990 3633 1055 3691 by
1079 3633 1161 3677 the
1183 3633 1334 3678 Turks
1355 3649 1367 3687 ς
1405 3634 1512 3686 and,
1542 3647 1591 3677 as
1617 3644 1812 3689 appears
1835 3630 1899 3689 by
1930 3629 2054 3675 their
2086 3629 2278 3679 actions,

445 3698 509 3758 by
532 3714 660 3747 some
685 3704 788 3747 who
819 3704 909 3748 call
933 3703 1212 3750 themselves
1236 3704 1318 3749 the
1343 3708 1504 3762 purest
1530 3702 1800 3748 Christians.
