2482 4166
841 239 1223 286 PRAELEOTIO
1266 238 1488 284 SEXTA.
1978 233 2004 283 1
2013 233 2078 285 89

195 383 225 426 3
247 371 561 448 pullularent
608 369 945 424 incommoda.
1029 368 1161 421 Dico
1215 369 1388 430 tertio,
1447 365 1697 437 ejusmodi
1739 374 1915 422 tamen
1963 369 2082 443 lege

247 456 503 510 neminem
542 455 813 522 &obliqari
868 451 936 504 ad
981 450 1272 503 faciendum
1328 449 1381 502 id
1440 449 1578 519 quod
1636 449 1722 502 lex
1767 453 2043 520 permittit
2064 473 2081 505 .·

247 537 390 591 Finis
440 536 575 590 enim
615 536 992 605 permissionis
1030 540 1124 596 est,
1169 550 1273 584 non
1315 538 1375 585 ut
1416 533 1480 584 id
1513 533 1624 599 fiat
1653 533 1791 602 quod
1819 532 1936 606 lege
1965 552 2085 603 per-

247 619 485 681 mittitur,
527 618 620 671 sed
646 636 712 670 ne
740 618 894 670 ultra
930 616 985 669 id
1021 614 1160 686 quod
1206 614 1349 686 leges
1394 613 1703 684 permittunt
1740 618 1866 683 fiat.
1956 616 2085 668 Pro-

247 702 384 764 inde,
426 700 557 754 sicut
590 701 878 770 permissio
920 699 1033 770 ipsa
1074 699 1331 767 neqativa
1373 702 1575 750 tantum
1619 704 1712 760 est,
1762 697 1838 751 ita
1880 700 2086 768 obliya-

252 786 445 838 tionem
472 782 669 836 inducit
701 801 804 835 non
841 781 941 835 nisi
982 782 1291 851 neyativam
1313 799 1330 831 .·
1374 779 1472 831 1100
1510 786 1604 842 est,
1649 781 1925 850 obliyatur
1968 782 2087 835 sub-

252 866 404 930 ditus„
435 865 478 918 si
506 865 603 937 ipsi
632 864 840 919 libuerit
867 864 1039 917 facere
1066 862 1204 933 quod
1228 861 1313 914 lex
1334 863 1625 931 permittit,
1645 862 1964 932 praestitutos
1989 862 2088 916 sibi

200 954 232 996 4
252 966 284 1002 a
311 948 428 1020 lege
456 947 583 1001 fines
610 967 716 1001 non
758 949 1017 1001 excedere.
1096 944 1226 997 Dico
1270 954 1483 1015 quarto,
1510 947 1918 1014 permissionem
1950 947 2089 998 mali

242 1033 561 1101 positivam,
591 1030 635 1083 si
663 1029 814 1101 plura
842 1035 934 1082 aut
962 1027 1209 1100 graviora
1244 1027 1345 1080 sint
1373 1028 1528 1080 mala
1566 1045 1682 1097 quae
1727 1047 1791 1081 ex
1839 1028 2089 1100 ejusmodi

244 1115 601 1183 permissione
651 1119 1049 1182 consequuntur,
1100 1128 1255 1180 quam
1303 1116 1424 1163 sunt
1471 1128 1533 1163 ea
1579 1110 1632 1163 in
1676 1129 1896 1181 quorum
1924 1129 2089 1179 reme-

256 1195 397 1249 dium
440 1195 676 1249 adhiberi
716 1193 1078 1266 praetenditur,
1127 1200 1186 1245 ut
1228 1191 1534 1263 plerumque
1573 1192 1655 1257 sit,
1700 1212 1803 1247 non
1833 1213 1944 1247 esse
1973 1196 2089 1247 lici-

258 1288 372 1330 tam
391 1298 408 1330 .·
451 1277 740 1349 praesertim
782 1276 824 1330 si
859 1277 1207 1351 permissioni
1243 1274 1320 1327 rei
1358 1274 1524 1344 turpis
1553 1276 1779 1339 accedat,
1824 1296 1889 1330 ex
1930 1277 2091 1347 impo-

205 1369 233 1410 5
258 1359 355 1413 sito
383 1360 593 1423 tributo,
632 1362 809 1431 turpis
844 1359 998 1412 etiam
1034 1360 1175 1411 lucri
1208 1356 1442 1427 suspicio.
1531 1357 1661 1411 Dico
1700 1361 1902 1429 quinto,
1932 1358 2093 1412 nemi-

258 1461 377 1496 nem
424 1442 644 1514 obligari
693 1442 785 1495 tali
831 1441 949 1514 lege
990 1443 1067 1493 ad
1090 1442 1418 1509 faciendum
1458 1438 1512 1491 id
1557 1441 1694 1509 quod
1734 1441 2087 1511 permittitur;

257 1524 359 1577 imo
400 1524 607 1578 aliunde
649 1523 869 1596 obligari
912 1539 1340 1592 unumquemque,
1381 1539 1485 1572 non
1528 1522 1766 1575 obstante
1808 1523 1938 1595 legis
1976 1542 2095 1594 per-

257 1607 509 1670 missione,
555 1608 633 1659 ad
665 1609 729 1660 id
755 1625 860 1659 non
886 1606 1225 1674 faciendum.
1312 1602 1468 1655 Ratio
1501 1610 1611 1666 est3
1656 1605 1840 1668 Quoad
1868 1606 2095 1677 priorem

257 1696 477 1760 partem,
509 1688 629 1759 quia
655 1695 734 1742 est
776 1695 956 1741 contra
992 1693 1234 1740 naturam
1253 1687 1647 1755 permissionis,
1693 1694 1751 1740 ut
1794 1688 1860 1742 sit
1889 1691 2096 1760 obliya-

259 1773 439 1825 toria:
484 1790 598 1824 cum
627 1770 895 1843 permissio
934 1770 1023 1823 det
1060 1771 1375 1831 libertatem,
1423 1774 1476 1821 et
1519 1768 1681 1823 omnis
1726 1772 1985 1841 obliqatio
2031 1772 2098 1827 sit

258 1856 532 1908 vinculum
560 1854 835 1924 quoddam.
927 1852 1111 1915 Quoad
1137 1850 1474 1923 posteriorem
1504 1859 1724 1922 partem,
1757 1854 1877 1923 quia
1903 1873 2098 1925 suppo-

258 1936 426 1989 nimus
453 1936 507 1990 id
534 1937 671 2007 quod
699 1936 817 2009 lege
844 1936 1070 1988 humana
1098 1934 1169 1988 sic
1182 1935 1528 2004 permittitur
1550 1952 1660 1987 esse
1690 1953 1755 1988 ex
1778 1954 1832 1989 se
1861 1939 2066 1990 malum
2076 1958 2096 1999 ;

260 2025 314 2071 et
341 2019 458 2091 lege
483 2020 586 2072 Dei
615 2019 902 2091 obligamur
930 2020 1007 2071 ad
1031 2037 1137 2070 non
1158 2019 1482 2086 faciendum
1522 2018 1742 2071 malum.
1822 2019 2097 2072 Permissio

260 2101 434 2170 itaque
469 2102 604 2163 mali,
652 2108 904 2172 quatenus
943 2103 1094 2152 nuda
1134 2100 1424 2169 permissio
1464 2105 1557 2162 est,
1603 2100 1857 2154 neminem
1902 2102 2100 2174 obligat

264 2185 339 2235 ad
359 2186 686 2253 faciendum
707 2204 727 2244 ,·
768 2189 1022 2252 quatenus
1067 2188 1240 2234 autem
1285 2182 1425 2233 mali
1463 2184 1749 2249 permissio
1792 2190 1885 2247 est,
1917 2203 2099 2238 unum-

263 2282 519 2334 quemque
548 2266 747 2337 obligat
775 2267 852 2317 ad
879 2283 985 2317 non
991 2265 1318 2332 faciendum
1346 2262 1400 2315 id
1430 2263 1568 2334 quod
1595 2265 1928 2334 permittitur.

383 2348 503 2399 XX.
592 2346 759 2417 Atqui
809 2346 1002 2400 dictum
1053 2353 1132 2399 est
1176 2345 1287 2417 jam
1337 2351 1460 2410 ante
1512 2345 1715 2417 saepius,
1771 2349 1908 2402 omni
1960 2352 2101 2421 Le9i

395 2538 416 2566 ε
445 2530 571 2569 Aliud
586 2534 641 2568 est
658 2530 871 2580 indulqer-e,
890 2531 1160 2578 aliudjubere.
1213 2532 1451 2571 Tertullian.
1470 2533 1519 2570 de
1537 2533 1769 2582 Monogam.
1788 2545 1876 2582 cap.
1895 2535 1971 2573 xiv.

262 2658 352 2701 law
371 2658 579 2715 permits.
634 2658 728 2702 For
748 2657 829 2702 the
850 2658 940 2702 end
963 2659 1018 2703 of
1037 2660 1118 2704 the
1137 2661 1413 2718 perm1ssion
1433 2662 1484 2714 is,
1509 2665 1592 2705 not
1621 2661 1726 2705 that
1751 2674 1801 2705 so
1832 2660 1973 2704 much
1994 2675 2103 2719 may

263 2729 324 2772 be
344 2728 480 2781 done,
505 2729 591 2772 but
615 2728 719 2773 that
739 2743 800 2774 no
821 2744 951 2774 more
976 2745 1084 2789 may
1104 2732 1164 2775 be
1186 2731 1323 2776 done.
1389 2732 1490 2776 The
1516 2733 1791 2791 permission
1812 2732 1850 2775 is
1871 2733 2103 2789 negative,

263 2800 357 2843 and
377 2792 458 2844 the
479 2799 735 2858 obligation
756 2802 793 2846 is
815 2802 1110 2861 accordingly
1129 2804 1356 2860 negative,
1377 2812 1454 2847 not
1473 2808 1522 2848 to
1544 2804 1716 2848 exceed
1735 2804 1816 2847 the
1835 2804 2104 2861 prescribed

264 2871 421 2915 limits.

355 2943 591 3000 Fourthly,
621 2943 745 2987 That
765 2957 793 2986 a
812 2945 1009 3000 positIve
1033 2946 1309 3003 permission
1328 2946 1383 2990 of
1401 2947 1491 2990 evil
1512 2947 1550 2991 is
1571 2951 1655 2991 not
1680 2946 1934 2997 allowable,
1963 2945 2006 2988 if
2022 2944 2104 2990 the

265 3013 378 3057 evils
398 3014 569 3071 arising
588 3014 711 3057 from
730 3014 811 3058 the
831 3017 1106 3072 permission
1135 3017 1195 3061 be
1229 3022 1415 3074 greater
1434 3018 1550 3061 than
1569 3018 1703 3062 those
1725 3016 1874 3060 which
1894 3015 1975 3059 the
1994 3029 2103 3071 per-

265 3084 456 3127 mission
476 3085 608 3128 seeks
639 3090 689 3128 to
724 3087 929 3144 remedy,
956 3101 1005 3131 as
1032 3088 1069 3131 is
1095 3088 1361 3145 commonly
1390 3088 1472 3133 the
1503 3102 1634 3133 case:
1668 3087 1917 3145 especially
1942 3100 1991 3129 as
2021 3086 2104 3131 the

271 3154 548 3210 permission
573 3155 628 3197 of
642 3169 670 3197 a
689 3156 862 3199 vicious
885 3156 1020 3213 thIng
1041 3171 1102 3201 on
1121 3163 1345 3216 payment
1374 3159 1428 3202 of
1447 3173 1476 3202 a
1510 3164 1589 3203 tax
1609 3173 1717 3217 may
1741 3159 1875 3201 incur
1901 3155 1983 3201 the
2005 3171 2105 3202 sus-

268 3224 424 3280 picion
445 3223 499 3266 of
513 3238 541 3266 a
564 3224 668 3267 love
694 3225 747 3268 of
765 3225 876 3269 base
897 3227 1040 3271 lucre.

359 3294 550 3350 Fifthly,
582 3293 705 3337 That
730 3308 791 3339 no
813 3309 902 3339 one
922 3297 975 3347 is,
994 3296 1056 3354 by
1077 3297 1190 3341 such
1215 3311 1244 3340 a
1267 3298 1367 3350 law,
1400 3299 1587 3357 obliged
1616 3303 1666 3342 to
1698 3298 1758 3341 do
1780 3298 1904 3342 what
1934 3299 1972 3342 is
1997 3313 2106 3357 per-

268 3364 463 3408 mitted:
495 3364 665 3408 buton
685 3364 767 3408 the
793 3371 1023 3423 contrary,
1053 3381 1192 3425 every
1223 3381 1313 3411 one
1337 3369 1374 3412 is
1410 3369 1598 3426 obliged
1622 3373 1706 3412 not
1730 3373 1780 3412 to
1816 3369 1876 3412 do
1916 3369 1967 3421 it,
2002 3375 2107 3414 not-

268 3434 599 3492 withstanding
617 3434 699 3478 the
723 3436 1012 3492 permission.
1070 3438 1165 3481 For
1189 3451 1217 3480 a
1236 3440 1513 3495 permission
1546 3440 1584 3482 is
1615 3444 1699 3483 not
1729 3453 1791 3482 an
1821 3439 2105 3497 obligation3

267 3506 361 3549 and
392 3505 474 3550 the
504 3505 637 3562 thing
657 3506 797 3564 being
828 3507 930 3559 evil,
951 3520 1019 3551 we
1048 3507 1167 3552 have
1197 3522 1226 3552 a
1251 3514 1470 3568 contrary
1500 3509 1758 3568 obligation
1779 3512 1952 3568 arising
1981 3502 2106 3556 from

267 3576 350 3621 the
374 3578 485 3619 Law
505 3577 559 3619 of
576 3577 695 3636 GOd·

361 3647 488 3691 Thus
528 3661 557 3691 a
589 3648 703 3692 bare
742 3649 1017 3705 permission
1056 3649 1167 3694 does
1206 3655 1290 3694 not
1326 3652 1507 3710 oblige3
1544 3666 1573 3696 a
1609 3653 1886 3711 permission
1926 3653 1981 3697 of
2015 3654 2108 3699 evil

270 3717 446 3776 obliges
472 3732 526 3764 us
552 3723 636 3763 not
662 3723 712 3764 to
739 3720 798 3764 do
824 3720 906 3764 the
931 3720 1065 3778 thing
1090 3722 1357 3779 permitted.
