2482 4166
362 287 430 339 84
893 293 978 337 DE
1018 291 1276 336 PIORUM
1315 291 1657 336 EXEMPLIS.

360 426 839 498 circumspectamus
869 424 1024 498 cingit
1064 423 1305 494 undique,
1346 423 1528 476 suadet
1565 429 1624 476 ut
1652 421 1789 474 omni
1824 420 2023 491 abjecto
2061 419 2191 491 aegri

362 510 518 562 animi
546 517 747 563 tumore
778 516 830 562 et
859 507 1155 581 gravedine,
1187 505 1499 598 peccatique,
1532 523 1646 574 quae
1678 511 1736 557 ut
1764 521 1857 556 nos
1885 509 2027 556 arcte
2056 521 2191 555 com-

348 594 628 662 plectitur,
672 593 747 645 ita
782 610 875 662 per
905 590 1005 642 Dei
1043 588 1279 661 gratiam,
1312 587 1355 640 si
1383 594 1592 640 strenue
1631 604 1886 648 conemur,
1918 603 2022 637 non
2051 602 2192 655 aegre

359 677 734 744 comprimitur
754 672 1157 744 importunitate,
1177 672 1518 740 propositum
1545 671 1696 722 nobis
1717 670 1958 721 stadium
1986 666 2192 719 fortiter

362 763 415 809 et
445 763 740 809 constanter
769 763 822 808 et
850 755 1106 826 patienter
1132 756 1496 806 decurramus.

491 840 693 892 XXIV.
782 839 1043 890 Hortatur
1086 838 1324 888 Jacobus
1360 835 1663 927 Apostolus,
1709 850 1817 902 cap.
1852 850 1919 893 V.,
1964 832 2032 884 ad
2079 849 2192 883 ora-

364 920 517 974 tionis
546 919 857 981 instantiam,
890 917 1123 988 exemplo
1163 919 1324 978 Elioe,
1367 916 1453 985 qui
1482 914 1786 1008 importunis
1817 913 1919 966 suis
1955 912 2193 983 precibus

366 1004 674 1080 (προσευχῇ
704 997 1081 1077 προσηύξατο)
1105 999 1215 1051 coeli
1241 998 1371 1051 ostia
1400 997 1543 1067 quasi
1570 1015 1664 1067 pro
1695 996 1909 1049 arbitrio
1934 994 2193 1047 obseravit

363 1091 416 1136 et
445 1083 709 1136 reseravit.
798 1083 951 1145 Quod
985 1081 1166 1150 nequis
1205 1080 1521 1133 existimaret
1566 1081 1706 1131 Eliae
1735 1077 1930 1130 meritis
1965 1083 2017 1129 et
2051 1094 2193 1128 sanc-

361 1165 501 1217 titati
524 1164 702 1216 deberi
730 1163 915 1233 potiUS,
941 1181 1093 1232 quam
1117 1164 1318 1214 divinoe
1334 1163 1687 1231 promissioni
1709 1160 1933 1212 fidelium
1955 1158 2193 1228 precibus

361 1265 426 1299 ex
452 1246 646 1299 foedere
676 1245 861 1317 gratiae
888 1244 1069 1306 factae3
1114 1242 1347 1313 praeripit
1374 1243 1507 1294 hanc
1539 1242 1874 1311 suspicionem
1904 1241 2194 1309 Apostolus

362 1329 416 1380 in
444 1328 554 1399 ipso
583 1327 894 1380 narrationis
924 1325 1151 1387 exordiO,
1180 1326 1363 1387 Elias,
1393 1324 1575 1393 inquit,
1609 1326 1760 1377 homo
1791 1333 1910 1376 erat
1938 1319 2194 1385 ὁμοιοπα-

364 1407 458 1476 Θῆς
485 1408 630 1476 ἡμῖν,
668 1427 801 1463 vers.
836 1408 904 1464 17
926 1429 936 1460 :
976 1411 1127 1461 homo
1157 1413 1300 1469 erat3
1345 1425 1448 1459 non
1474 1409 1638 1469 Deus,
1670 1412 1761 1458 aut
1787 1406 2025 1474 Anyelus
2040 1424 2060 1465 ;
2100 1422 2194 1456 nec

364 1494 428 1545 de
457 1495 670 1545 meliore
711 1495 834 1554 lut0,
880 1492 971 1543 sed
1001 1509 1065 1543 ex
1100 1490 1279 1543 eadem
1320 1508 1421 1559 qua
1448 1489 1606 1541 ceteri
1643 1487 1874 1540 homines
1902 1506 2086 1540 massa
2120 1486 2193 1538 ef-

362 1574 525 1629 fictus,
596 1574 697 1625 Hic
734 1581 813 1626 est
842 1592 967 1644 ergo
1010 1590 1130 1624 usus
1159 1574 1546 1641 Exemplorum
1581 1570 1819 1641 proprius
1848 1578 1901 1623 et
1927 1568 2190 1639 perutilis:

363 1664 445 1710 ast
473 1655 759 1708 meminisse
788 1655 993 1707 interim
1021 1660 1240 1724 oportet,
1271 1656 1544 1723 Exempla
1569 1671 1671 1704 non
1701 1670 1810 1704 esse
1847 1653 2091 1720 reyulam
2115 1650 2193 1721 ip-

365 1756 489 1800 sam,
534 1756 627 1790 nec
666 1739 863 1806 reyuloe
902 1737 1102 1806 pondus
1137 1743 1189 1788 et
1222 1735 1386 1788 instar
1419 1736 1643 1797 habere3
1688 1734 1789 1786 imo
1829 1751 1939 1785 esse
1977 1739 2029 1785 et
2061 1732 2188 1802 ipsa,

364 1820 509 1889 siqua
539 1819 807 1872 dubitandi
835 1819 967 1871 ratio
997 1823 1249 1887 appareat
1276 1824 1483 1871 rectene
1518 1835 1585 1869 an
1615 1834 1757 1868 secus
1794 1816 1931 1869 facta
1967 1814 2082 1876 sint,
2123 1816 2193 1867 ad

363 1901 604 1970 reyulam
635 1901 909 1972 diligenter
936 1900 1205 1970 exigenda.
1269 1892 1619 1971 Ὕπόδειγμα
1650 1895 1868 1967 λάβετε
1897 1895 2023 1956 τούς
2060 1922 2192 1970 προ-

364 1982 564 2058 φήτας,
608 1983 774 2052 inquit
803 1984 1055 2043 Jacobus,
1102 1999 1211 2050 cap.
1243 1999 1291 2031 v.
1332 1983 1427 2034 10:
1472 1981 1561 2032 ubi
1594 1980 1762 2032 nescio
1794 1998 1861 2031 an
1893 1980 2021 2031 illud
2061 1976 2192 2033 ὑπό-

364 2062 564 2138 δειγμα
593 2063 863 2134 specialem
885 2063 1076 2115 habeat
1105 2060 1384 2137 e’vep‘yea'av
1414 2070 1466 2115 et
1495 2062 1622 2115 vim:
1656 2061 1949 2126 Mihicerte
1975 2062 2191 2114 innuere

364 2148 569 2200 videtur
609 2147 913 2199 Sanctorum
942 2144 1314 2214 prophetarum
1352 2151 1497 2197 actus
1536 2162 1638 2196 non
1668 2162 1776 2196 esse
1814 2139 2189 2218 παράδειγμα,

363 2231 634 2300 eoeemplar
655 2228 779 2280 illud
800 2228 1114 2297 principale
1136 2226 1272 2296 quod
1302 2234 1380 2279 est
1409 2226 1665 2296 praecipue
1685 2225 1830 2278 nobis
1854 2226 2154 2278 intuendum
2175 2246 2188 2288 ;

362 2313 452 2364 sed
491 2311 636 2381 quasi
670 2310 804 2362 illius
844 2305 1190 2384 ἀπόγραφον
1226 2315 1280 2362 et
1315 2311 1696 2362 secundarium
1730 2309 2015 2378 exemplar,
2052 2308 2191 2376 quod

361 2412 462 2446 non
492 2401 570 2445 est
599 2412 663 2445 ex
703 2411 757 2444 se
787 2399 839 2444 et
876 2398 1089 2461 propter
1118 2410 1173 2444 se
1209 2391 1520 2444 authenticae
1555 2391 1890 2454 auctoritatiS,
1927 2391 2018 2443 sed
2052 2398 2192 2443 eate-

360 2494 456 2527 nus
505 2475 658 2528 fidem
707 2476 866 2527 habet
912 2481 965 2526 et
1012 2473 1385 2535 auctoritatem,
1434 2480 1685 2542 quatenus
1731 2475 2021 2526 concordat
2070 2492 2189 2526 cum

369 2560 661 2626 Oriyinali.
750 2558 833 2607 Ex
870 2556 1118 2607 hactenus
1147 2555 1296 2607 dictis
1330 2573 1455 2625 ergo
1486 2555 1763 2616 conficitur,
1803 2556 1923 2607 Non
1961 2556 2190 2607 sufficere

361 2639 430 2690 ad
458 2641 745 2690 bonitatem
775 2648 929 2690 actus
968 2636 1194 2698 humani,
1226 2637 1364 2705 quod
1403 2636 1468 2688 sit
1496 2636 1705 2705 alicujus
1734 2639 1846 2688 viri
1884 2639 2077 2690 Sancti
2106 2656 2191 2689 ew-

363 2722 531 2787 emplo
571 2719 873 2770 conformis:
914 2735 1007 2769 nec
1037 2717 1251 2786 proinde
1290 2735 1438 2786 posse
1478 2717 1773 2786 cujusquam
1812 2721 2189 2770 conscientiam

361 2800 416 2852 in
451 2799 698 2869 ejusmodi
738 2799 1107 2859 conformitate,
1145 2798 1240 2850 nisi
1268 2798 1334 2850 sit
1373 2805 1425 2851 et
1457 2798 1622 2869 ipsum
1662 2801 1953 2868 eoeemplum
1991 2801 2189 2868 reyulce

365 2882 638 2944 conforme,
670 2899 846 2934 secure
876 2887 929 2933 et
957 2886 1069 2933 tuto
1099 2879 1436 2949 acquiescere.

454 3079 525 3118 24.
594 3075 649 3119 St
674 3077 832 3120 James
858 3076 1043 3120 exhorts
1070 3089 1123 3119 us
1154 3080 1203 3119 to
1229 3090 1396 3134 prayer
1421 3076 1482 3134 by
1502 3076 1583 3120 the
1609 3079 1819 3135 example
1845 3078 1898 3122 of
1917 3079 2068 3132 Elias3
2104 3080 2190 3123 but

361 3147 409 3188 in
432 3146 569 3189 order
592 3146 693 3190 that
717 3160 785 3190 we
811 3161 918 3205 may
938 3151 1021 3190 not
1042 3146 1176 3190 think
1196 3147 1300 3191 that
1325 3147 1395 3191 his
1420 3161 1609 3205 prayers
1633 3150 1867 3205 prevailed
1892 3149 2095 3207 through
2118 3151 2189 3194 his

361 3230 463 3259 own
496 3217 670 3269 mei-its,
705 3217 766 3261 he
799 3219 910 3262 calls
944 3218 1042 3262 him
1073 3215 1136 3271 (v.
1158 3216 1233 3272 17)
1263 3219 1333 3262 “a
1359 3233 1467 3262 man
1494 3218 1673 3275 subject
1704 3224 1754 3263 to
1778 3220 1873 3264 like
1897 3222 2105 3277 passions
2140 3235 2189 3265 as

359 3301 427 3330 we
453 3288 575 3330 are.''

448 3358 657 3416 Perhaps
695 3359 744 3401 in
774 3360 933 3404 James
965 3374 1009 3406 v.
1038 3366 1109 3413 10,
1144 3361 1381 3419 ὑπόδειγμα
1413 3361 1451 3405 is
1482 3375 1510 3404 a
1539 3362 1667 3404 word
1697 3361 1848 3406 which
1880 3363 2061 3419 implies
2101 3364 2190 3408 less

360 3428 595 3487 authority
620 3429 736 3473 than
759 3429 1025 3489 παράδειγμα
1049 3433 1202 3476 would
1219 3437 1388 3476 :—not
1413 3446 1474 3475 an
1492 3432 1743 3490 Exemplar
1763 3433 1855 3476 and
1874 3434 1998 3476 First
2021 3434 2190 3476 Stand-

360 3499 456 3611 agg,
475 3499 567 3612 3113
591 3514 619 3543 a
646 3501 788 3558 Copy,
814 3501 984 3559 having
1015 3503 1254 3561 authority
1288 3504 1398 3560 only
1428 3517 1478 3547 so
1516 3503 1591 3546 far
1623 3518 1672 3547 as
1708 3504 1745 3546 it
1776 3517 1935 3560 agrees
1966 3503 2078 3545 with
2108 3503 2189 3546 the

443 3583 553 3682 {nd
579 3640 686 3684 thus
711 3643 748 3684 it
773 3656 967 3699 appears
988 3644 1091 3688 that
1112 3646 1149 3688 it
1170 3646 1207 3688 is
1228 3649 1312 3688 not
1337 3646 1564 3689 sufficient
1588 3644 1663 3687 for
1682 3642 1763 3686 the
1783 3641 2009 3698 goodness
2031 3642 2084 3685 of
2098 3657 2191 3700 any

360 3708 527 3759 action,
549 3710 654 3753 that
679 3712 716 3754 it
741 3713 951 3755 conform
975 3719 1025 3758 to
1051 3715 1132 3759 the
1158 3716 1384 3772 Example
1410 3715 1464 3758 of
1483 3727 1610 3759 some
1634 3704 1745 3770 holy
1768 3726 1906 3765 man3
1936 3726 2023 3756 nor
2044 3727 2130 3757 can
2161 3728 2190 3757 a

359 3778 502 3820 man's
529 3781 793 3824 conscience
819 3783 965 3841 safely
991 3789 1085 3828 rest
1119 3799 1181 3828 on
1206 3785 1320 3829 such
1345 3785 1639 3842 conformity,
1668 3788 1833 3842 except
1857 3783 1938 3827 the
1963 3784 2188 3841 Example

360 3847 420 3890 be
452 3848 765 3893 conformable
790 3856 839 3894 to
859 3852 940 3896 the
961 3855 1113 3898 Moral
1132 3856 1268 3899 Rule.
