2482 4166
498 251 605 304 290
903 258 1104 304 SALUs
1145 260 1385 305 POPULI
1428 261 1732 306 SUPREMA
1770 263 1916 307 LEX.

626 390 697 443 Π.
786 391 895 443 Ista
920 390 1089 443 omnia
1119 397 1171 444 et
1199 391 1402 464 singula
1429 396 1779 448 conscientias
1804 393 2067 447 hominum
2092 396 2331 464 obliyare

501 472 637 535 dixi3
684 490 846 542 eaque
885 473 1006 536 sola,
1049 474 1294 537 absolute,
1326 478 1621 544 primario,
1653 496 1756 545 per
1795 496 1862 540 se,
1904 483 1957 530 et
1983 476 2175 530 virtute
2210 496 2330 547 pro-

500 555 645 626 pria:
691 555 811 625 quia
852 574 914 608 ea
954 556 1124 609 omnia
1166 563 1220 609 et
1258 558 1364 609 sola
1402 558 1717 611 voluntatem
1751 559 1854 611 Dei
1892 559 2151 622 exhibent,
2188 559 2331 629 cujus

500 638 651 691 unius
690 645 769 690 est
806 637 859 690 in
892 638 1155 691 hominum
1194 642 1547 693 conscientias
1576 659 1774 692 merum
1809 648 1862 694 et
1890 641 2141 694 directum
2173 641 2332 712 impe-

499 720 649 774 rium.
693 721 835 773 -Esse
864 727 1039 773 tamen
1068 721 1311 793 admonui
1340 727 1532 790 praeter
1560 722 1688 783 haec,
1712 729 1765 775 et
1789 722 1891 775 alia
1911 723 2185 786 nonnulla;
2214 743 2330 793 quae

500 805 837 864 secundario,
870 805 1109 865 relative,
1140 809 1193 855 et
1220 803 1273 854 in
1310 802 1502 856 virtute
1538 803 1668 874 legis
1696 803 1804 856 sive
1838 804 2114 857 voluntatis
2143 806 2331 859 divinae

499 884 554 938 in
583 904 686 956 qua
713 885 1013 949 fundantur,
1042 903 1132 937 suo
1162 885 1312 937 modo
1343 888 1695 939 conscientias
1723 888 1979 956 obliyant.
2043 888 2332 940 Convenire

499 967 710 1039 insuper
745 967 832 1020 illa
862 966 1032 1019 omnia
1064 966 1119 1019 in
1155 968 1267 1030 hoc,
1299 969 1436 1038 quod
1469 986 1624 1037 quam
1661 969 1856 1023 habent
1892 971 2173 1039 obliyandi
2210 970 2330 1033 vim,

499 1067 613 1102 eam
660 1068 862 1102 omnem
903 1052 1104 1103 divinoe
1146 1051 1250 1119 Zeyi
1281 1058 1544 1120 acceptam
1584 1051 1822 1113 debeant,
1865 1053 1988 1119 (non
2031 1059 2163 1105 esset
2206 1053 2333 1106 alias

499 1134 693 1185 divina
725 1134 807 1185 lex
831 1132 1108 1202 adaequata
1137 1136 1468 1186 conscientiae
1496 1134 1679 1205 regula
1698 1137 1732 1203 ε)
1759 1135 1966 1187 differre
1994 1142 2167 1188 tamen
2195 1135 2332 1189 inter

499 1233 555 1268 se
597 1214 829 1287 singula3
875 1233 987 1267 cum
1033 1218 1218 1285 specie,
1264 1223 1478 1286 propter
1520 1217 1873 1271 diversitatem
1915 1217 2175 1281 materiae3
2220 1225 2332 1271 tum

499 1297 655 1350 etiam
684 1300 883 1367 yradu,
916 1307 1163 1367 quantum
1200 1298 1268 1351 ad
1305 1298 1407 1351 vim
1445 1298 1720 1370 obligandi.
1799 1302 1928 1353 Esse
1964 1319 2119 1371 porro
2155 1319 2332 1353 eorum

500 1398 616 1450 quae
655 1380 727 1432 sic
755 1380 985 1452 obligant
1011 1383 1221 1450 yradus
1251 1389 1359 1435 tres
1373 1401 1393 1442 ,·
1437 1383 1695 1436 Pri-mum
1723 1401 1915 1445 eorum,
1959 1401 2176 1453 quorum
2206 1382 2331 1436 obli·
2355 1393 2379 1434 1

499 1463 641 1534 gatio
672 1463 837 1515 oritur
873 1481 938 1515 ex
977 1466 1303 1517 auctoritate
1341 1465 1570 1518 alterius
1605 1464 1690 1534 jus
1726 1465 1993 1529 habentis3
2031 1465 2086 1518 in
2115 1484 2332 1536 quorum

497 1563 712 1597 numero
743 1553 861 1597 sunt
892 1547 1025 1614 leyes
1054 1548 1319 1599 lcumanoe.
1401 1548 1709 1600 Secundum
1738 1567 1930 1611 eorum,
1963 1566 2180 1618 quorum
2207 1547 2330 1601 obli·
2351 1558 2381 1599 2

497 1627 639 1699 gatio
675 1627 839 1680 oritur
882 1645 948 1679 ex
990 1635 1109 1680 actu
1152 1628 1313 1680 libero
1343 1632 1589 1697 proprice
1626 1632 1921 1683 voluntatis
1941 1651 1958 1683 .·
2000 1630 2171 1700 qualia
2213 1637 2331 1683 sunt

497 1721 638 1773 vota,
658 1710 992 1778 juramenta,
1015 1712 1408 1779 promissiones,
1440 1721 1489 1762 et
1508 1722 1684 1780 pacta
1711 1720 2006 1781 spontanea.
2067 1715 2326 1775 Tertium,
2350 1722 2380 1764 3

499 1810 677 1845 eorum
707 1810 924 1862 quorum
951 1791 1195 1864 obligatio
1227 1792 1390 1845 oritur
1413 1811 1478 1845 ex
1506 1792 1693 1846 intuitu
1704 1796 1981 1861 frater-noe
2010 1796 2328 1856 charitatis,-

496 1875 551 1927 in
578 1893 681 1945 qua
706 1875 865 1928 classe
895 1882 1131 1927 censetur
1157 1875 1242 1927 lex
1266 1874 1376 1928 sive
1403 1877 1551 1928 ratio
1578 1878 1846 1930 scandali.

623 1959 724 2011 III.
793 1958 877 2010 De
901 1958 1225 2026 obliyatione
1248 1958 1420 2026 le9um
1440 1959 1819 2022 humanarum,
1845 1958 2006 2013 multo
2028 1959 2152 2011 mihi
2179 1959 2330 2030 plura

488 2040 600 2112 jam
638 2048 761 2094 ante
805 2039 943 2094 dicta
971 2047 1105 2102 sunt,
1145 2058 1299 2109 quam
1327 2038 1473 2092 initio
1516 2058 1917 2111 proposueram:
1956 2041 2116 2095 multo
2153 2048 2329 2095 tamen

493 2124 714 2177 fortasse
742 2122 1003 2195 pauciora,
1044 2141 1198 2193 quam
1227 2129 1320 2175 aut
1354 2124 1650 2176 merebatur
1678 2124 1756 2176 rei
1796 2124 2041 2197 gravitas,
2079 2123 2221 2194 cujus
2249 2131 2331 2178 est

493 2206 549 2259 in
586 2206 694 2260 vita
722 2206 1021 2277 quotidiana
1063 2223 1184 2258 usus
1217 2205 1371 2277 longe
1414 2205 1870 2276 frequentissimuS,
1909 2214 2001 2260 aut
2042 2206 2331 2277 postularet

495 2289 784 2352 dubiorum,
818 2307 934 2360 quse
961 2295 1169 2359 possent
1197 2288 1452 2341 mentibus
1484 2288 1747 2342 hominum
1781 2289 2073 2360 scrupulum
2101 2288 2328 2359 injicere,

495 2372 642 2443 copia
683 2379 737 2425 et
765 2371 1004 2426 varietas·
1094 2371 1159 2423 In
1201 2370 1385 2441 quibus
1426 2370 1779 2434 dissolvendiS,
1823 2372 2172 2443 superioribus
2202 2373 2328 2424 Ter-

493 2454 643 2507 minis
673 2474 734 2508 eo
763 2472 1069 2526 progressus
1098 2472 1225 2515 sum,
1257 2461 1316 2507 ut
1343 2460 1459 2525 post
1488 2472 1720 2508 emensas
1748 2473 1834 2508 eas
1862 2454 2182 2508 difficultates
2212 2472 2329 2524 quse

491 2538 561 2590 ad
593 2539 764 2607 leynm
793 2556 990 2591 causas
1012 2537 1381 2599 Blaterialem,
1411 2539 1757 2607 Efficientem‚
1784 2548 1833 2591 et
1853 2538 2162 2591 Formalem
2186 2536 2329 2589 haud

492 2619 813 2672 incommode
851 2619 1086 2672 revocari
1129 2619 1491 2681 existimarem,
1536 2619 1716 2672 ultima
1757 2611 2085 2691 praelectione
2127 2619 2195 2672 ad
2238 2637 2327 2672 eas

493 2701 806 2763 tractandas,
839 2719 955 2769 quae
984 2700 1053 2752 ad
1082 2719 1307 2753 cansam
1335 2701 1615 2753 earundem
1644 2704 1898 2756 Finalem
1926 2702 2137 2772 propius
2165 2701 2324 2771 perti-

492 2788 692 2845 nerent,
738 2780 1052 2835 devenerim.
1140 2781 1246 2834 Ubi
1281 2781 1423 2850 jacto
1466 2782 1714 2851 imprimis
1752 2785 1849 2836 hoc
1891 2784 2047 2837 totius
2097 2783 2327 2852 disputa-

491 2864 645 2919 tionis
680 2864 821 2917 velut
856 2863 1205 2926 fundamento,
1237 2863 1389 2915 finem
1422 2863 1597 2934 legum
1625 2865 1965 2917 humanarum
1994 2882 2104 2917 esse
2132 2867 2322 2917 bonum

493 2949 910 3009 communitatis,
949 2946 1032 2999 vel
1068 2946 1225 3015 (quod
1260 2945 1398 2997 idem
1441 2948 1538 3015 est)
1582 2964 1760 3015 pacem
1790 2953 1842 2999 et
1868 2946 2163 2999 felicitatem
2192 2946 2321 3015 pub-

490 3030 671 3083 licam:
701 3047 1001 3099 responsum
1032 3036 1126 3090 est,
1158 3046 1261 3098 qua
1288 3027 1430 3081 licuit
1455 3028 1712 3081 brevitate
1741 3035 1794 3080 et
1820 3027 2197 3098 perspicuitate,
2229 3045 2321 3080 sex

490 3112 601 3166 istis
630 3131 747 3182 quae
775 3118 1060 3181 sequuntur
1090 3110 1330 3180 quaesitis,
1411 3112 1616 3173 PrimO,
1648 3110 1732 3163 An
1764 3110 1830 3163 sit
1866 3110 1921 3162 in
1952 3109 2236 3180 Republica
2266 3108 2320 3162 in
2347 3122 2369 3162 1

490 3195 670 3248 ordine
710 3195 778 3247 ad
823 3197 1013 3247 bonum
1052 3212 1320 3247 commune
1362 3195 1532 3262 Zeyum
1573 3195 1937 3245 humanarum
1966 3211 2086 3245 usus
2120 3191 2320 3262 aliquiS,

489 3278 672 3331 saltem
717 3276 1046 3330 necessarius,
1141 3278 1396 3337 Secundo,
1443 3293 1599 3345 quum
1644 3275 1849 3328 intersit
1893 3274 2211 3345 Reipublicae
2263 3280 2375 3328 1112-

488 3362 665 3413 virtus
689 3360 922 3419 colatur,
967 3361 1109 3412 vitia
1152 3364 1500 3419 coerceantur,
1540 3358 1625 3410 An
1659 3359 1971 3427 Le9islator
1998 3357 2159 3428 possit
2175 3375 2318 3426 prce-

489 3445 663 3512 cipere
709 3460 884 3495 omnes
932 3441 1156 3494 omnium
1202 3443 1467 3493 virtutum
1512 3450 1667 3494 actus
1710 3447 1763 3493 et
1820 3439 1995 3503 officia,
2044 3446 2099 3493 et
2151 3437 2321 3492 omnia

581 3641 624 3679 2.
687 3636 753 3680 Of
773 3637 979 3681 Proelect.
1006 3651 1051 3682 V.
1073 3654 1085 3691 3

581 3709 621 3748 3.
688 3706 756 3749 Of
775 3708 983 3752 Proeteet.
1014 3721 1094 3761 vn,
1120 3722 1224 3761 V11.,
1248 3720 1379 3763 V111,;
1418 3709 1511 3753 and
1542 3708 1790 3768 especially
1823 3708 2025 3753 Proelect.
2051 3720 2135 3763 1x.,
2167 3704 2315 3754 which

484 3773 630 3819 refers
655 3780 704 3819 to
730 3777 812 3827 the
834 3778 975 3823 Final
999 3778 1138 3825 Cause
1160 3780 1214 3824 of
1234 3780 1381 3824 Laws.
2220 3780 2223 3781 ⁷
