2482 4166
403 264 507 316 186
736 274 822 317 DE
863 273 1090 318 LEGUM
1131 273 1555 318 HUMANARUM
1594 272 1896 318 MATERIA.

403 402 765 476 diligentiam,)
811 403 1010 474 judicet
1060 422 1175 468 eam
1225 421 1336 458 esse
1392 404 1690 476 simpliciter
1742 405 2017 473 injustam.
2104 403 2236 457 Dico

401 489 644 549 secundo,
677 486 719 539 si
748 505 814 539 ex
843 504 1021 539 errore
1049 487 1220 557 aliquo
1242 486 1424 557 judicii
1453 487 1737 550 obfirmatO,
1769 494 1823 540 et
1851 505 2003 557 quem
2037 504 2141 538 non
2169 486 2237 540 sit
2257 490 2287 532 2

401 569 551 623 facile
580 569 854 640 deponere,
882 568 1141 622 existimet
1167 569 1337 640 legem
1367 586 1477 621 esse
1504 570 1782 637 injustam,
1828 587 1943 621 cum
1986 587 2091 621 non
2133 559 2233 631 sit:

403 651 770 723 obligationem
800 657 972 704 tamen
998 650 1129 721 legis
1171 667 1397 712 manere,
1427 668 1606 702 errore
1647 650 1734 703 illo
1776 650 1963 704 mentis
2000 669 2105 703 non
2148 651 2237 703 ob-

403 740 589 797 stante,
620 733 694 786 ita
722 740 781 787 ut
808 732 1004 804 peccati
1031 750 1135 784 non
1165 732 1233 784 sit
1252 730 1506 793 immuniS,
1538 731 1581 783 si
1608 749 1713 784 non
1740 732 1947 785 obediat
1971 753 1983 785 ε
2023 732 2238 804 gravius

403 824 579 870 tamen
619 821 965 887 peccaturum,
1007 813 1050 866 si
1086 831 1265 866 errore
1309 812 1398 865 illo
1442 812 1669 865 nondum
1708 813 1940 884 deposito
1986 814 2235 868 obediret.

404 900 487 951 De
531 916 631 968 quo
682 898 840 960 Casu,
885 915 1001 949 cum
1043 895 1111 948 ad
1146 894 1466 948 collationem
1500 894 1768 965 utriusque
1797 894 2122 967 obligationis
2151 895 2239 948 de-

405 987 618 1034 ventum
646 979 762 1043 erit,
794 978 857 1047 (si
885 979 1000 1030 Deo
1026 977 1359 1048 permittente
1387 995 1448 1030 eo
1486 977 1860 1049 perveniatur‚)
1900 977 2239 1048 opportunior

404 1062 505 1115 erit
548 1060 843 1131 disputandi
885 1060 1038 1113 locus,
1121 1059 1252 1112 Dico
1290 1063 1462 1121 tertio,
1508 1059 1551 1113 si
1589 1078 1654 1113 ex
1698 1060 1802 1114 levi
1838 1059 2009 1131 aliquo
2052 1060 2237 1131 injecto
2261 1067 2290 1107 3

404 1145 655 1213 scrupulo
698 1149 790 1195 aut
832 1143 1223 1210 objectiuncula
1279 1142 1568 1213 suspicetur
1623 1149 1826 1196 tantum
1881 1142 2050 1214 legem
2103 1143 2240 1196 forte

404 1244 516 1279 esse
554 1226 815 1293 injustam
836 1245 856 1286 ,·
896 1224 1321 1277 contemnendum
1365 1242 1477 1277 esse
1516 1223 1764 1295 ejusmodi
1806 1226 2135 1294 scrupulum,
2185 1231 2239 1277 et

405 1307 609 1359 omnino
657 1309 797 1377 Leyi
846 1306 1165 1378 parendum:
1215 1325 1249 1360 a
1294 1324 1398 1377 qua
1439 1306 1659 1377 parendi
1701 1307 2004 1360 necessitate
2044 1307 2241 1360 frustra

404 1390 575 1452 fuerit,
608 1389 833 1460 quisquis
862 1407 917 1442 se
948 1400 1137 1443 tenerae
1163 1392 1497 1443 conscientie&
1526 1390 1743 1443 obtentu
1771 1389 1898 1444 satis
1938 1396 2238 1443 excusatum

406 1472 472 1524 iri
498 1472 885 1525 existimaverit.

534 1555 710 1607 XVII.
783 1554 914 1606 Dico
944 1566 1155 1625 quarm,
1188 1553 1348 1624 (quod
1375 1552 1571 1607 utinam
1599 1553 1724 1608 satis
1749 1554 2094 1618 attenderent,
2127 1553 2237 1625 qui·
2259 1560 2290 1601 4

406 1637 503 1690 bus
531 1654 753 1688 crassam
782 1654 926 1689 suam
953 1636 1351 1689 inobedientiam
1382 1647 1571 1690 tenerae
1608 1639 1940 1691 conscientiae
1978 1643 2239 1707 praetextu

406 1718 541 1772 tueri
575 1736 682 1771 mos
712 1720 827 1786 est,)
856 1718 912 1781 si,
946 1719 1010 1771 ob
1040 1724 1352 1788 apparentes
1380 1718 1623 1788 utrinque
1650 1722 1889 1772 rationes
1910 1720 2236 1788 probabile&

406 1800 601 1854 nesciat
629 1800 863 1854 subditus
891 1818 985 1853 nec
1014 1800 1163 1853 facile
1191 1800 1331 1870 apud
1376 1818 1431 1853 se
1461 1807 1691 1853 statuere
1719 1800 1895 1871 possit,
1919 1800 2129 1870 justane
2172 1801 2239 1854 sit

406 1882 493 1935 lex
521 1901 588 1935 an
618 1900 778 1945 secuS,
809 1882 883 1935 ita
911 1889 971 1936 ut
998 1899 1142 1935 mens
1171 1882 1318 1952 quasi
1345 1883 1406 1934 in
1435 1884 1739 1953 aequilibrio
1771 1882 1996 1953 pendula
2023 1884 2238 1945 haereat,

406 1967 617 2018 incerta
659 1971 778 2017 utro
822 1982 877 2016 se
918 1964 1089 2035 potius
1125 1964 1371 2016 inclinare
1410 1965 1630 2027 debeat;
1672 1966 1910 2035 obliyari
1936 1965 1989 2017 in
2028 1983 2088 2018 eo
2119 1983 2240 2018 casu

406 2047 665 2100 subditum
695 2046 763 2099 ad
791 2047 1064 2099 actualiter
1092 2048 1456 2109 obediendum,
1486 2046 1561 2100 ita
1588 2053 1648 2099 ut
1676 2054 1869 2117 peccet,
1902 2047 1944 2099 si
1979 2064 2081 2099 non
2121 2048 2240 2100 obe-

407 2130 548 2192 diat3
595 2129 636 2181 si
666 2129 888 2191 obediat,
919 2147 1021 2181 non
1049 2135 1241 2198 peccet.
1329 2130 1499 2182 Ratio
1533 2131 1739 2197 prima,
1785 2129 1920 2192 Quia
1955 2147 2021 2181 ex
2058 2129 2241 2201 regula
2267 2137 2289 2177 1

398 2211 532 2281 juris
554 2205 659 2264 dIn
687 2214 870 2264 dubiis
888 2214 1075 2281 potior
1104 2222 1181 2264 cst
1209 2213 1447 2264 conditio
1468 2213 1811 2281 possidentis.
1891 2213 2036 2283 Ergo
2058 2212 2147 2264 ubi
2176 2211 2243 2264 de

401 2294 521 2363 jure
564 2293 625 2346 lis
665 2300 743 2346 est
770 2294 906 2346 inter
940 2295 1335 2363 Layislatorem
1375 2300 1428 2345 et
1466 2295 1630 2346 civem
1646 2313 1667 2355 ;
1705 2293 1802 2345 nisi
1838 2300 2075 2346 occurrat
2108 2293 2242 2346 ratio

328 2408 334 2413 ‚
406 2376 577 2445 aliqua
622 2375 809 2428 idonea
853 2375 907 2427 in
950 2375 1280 2437 contrarium,
1326 2393 1529 2445 semper
1571 2375 1988 2445 praesumendum
2030 2382 2109 2429 est
2133 2394 2243 2444 pro

405 2459 758 2526 Leyislatorc,
789 2464 848 2510 ut
877 2457 964 2528 qui
994 2463 1073 2510 est
1100 2459 1162 2509 in
1182 2458 1510 2527 possessione
1526 2458 1695 2526 juris,
1729 2464 1911 2510 contra
1939 2456 2104 2510 civem
2127 2477 2140 2511 z
2183 2463 2243 2510 ut

406 2546 580 2592 autem
627 2539 695 2592 sit
731 2539 904 2608 aliqua
948 2538 1073 2592 satis
1122 2538 1310 2591 idonea
1344 2538 1479 2591 ratio
1520 2538 1576 2591 in
1619 2539 1947 2603 contrarium,
1984 2539 2096 2592 fieri
2138 2556 2243 2592 non

949 2720 969 2746 ὅ
1000 2719 1126 2769 [conf.
1144 2731 1263 2770 supra
1279 2722 1397 2759 Prael.
1416 2733 1457 2758 v.
1478 2722 1582 2759 Sect.
1602 2722 1704 2772 ]ἔ.]Δ

406 2834 622 2885 remains,
642 2831 1057 2888 notwithstanding
1086 2831 1168 2875 the
1196 2846 1372 2876 errour.
1450 2832 1525 2876 He
1550 2833 1588 2876 is
1620 2836 1705 2876 not
1737 2833 1838 2878 free
1868 2834 1992 2878 from
2017 2833 2173 2879 blame
2207 2835 2250 2879 if

407 2906 468 2949 he
498 2903 726 2960 disobeys,
758 2902 938 2959 though
966 2902 1026 2946 he
1052 2903 1205 2946 would
1231 2902 1293 2947 be
1324 2903 1419 2947 still
1448 2916 1579 2946 more
1615 2907 1666 2946 to
1697 2903 1866 2956 blame,
1898 2904 1953 2956 if,
1986 2905 2139 2949 whilst
2171 2906 2243 2949 his

406 2989 571 3020 errour
610 2974 705 3018 still
742 2973 948 3026 subsists,
978 2973 1040 3017 he
1077 2987 1198 3018 were
1227 2979 1277 3018 to
1316 2974 1452 3032 obey.
1516 2973 1628 3017 This
1652 2974 1690 3017 is
1716 2988 1745 3017 a
1769 2988 1874 3019 case
1903 2975 1958 3018 of
1986 2975 2173 3019 conflict
2194 2975 2249 3019 of

406 3047 488 3090 the
519 3045 796 3102 obligations
835 3045 890 3088 of
919 3045 1031 3088 Law
1068 3045 1162 3088 and
1199 3045 1254 3089 of
1281 3045 1563 3089 Conscience
1600 3044 1839 3089 hereafter
1873 3049 1924 3090 to
1960 3045 2022 3090 be
2058 3046 2243 3090 further

407 3116 655 3162 discussed.

503 3188 705 3244 Thirdly,
731 3186 788 3239 If,
814 3186 938 3230 from
958 3200 1087 3232 some
1107 3187 1243 3231 small
1272 3187 1470 3246 scruple,
1488 3187 1550 3232 he
1580 3188 1693 3246 only
1721 3191 1930 3246 suspects
1960 3186 2042 3231 the
2061 3187 2173 3232 Law
2191 3192 2242 3232 to

408 3260 468 3304 be
491 3261 664 3316 unjust,
697 3258 758 3301 he
795 3257 942 3315 ought
973 3263 1023 3302 to
1054 3259 1200 3315 reJ‘ect
1230 3258 1311 3303 the
1349 3259 1532 3317 scruple
1568 3259 1662 3302 and
1693 3258 1813 3318 obey
1832 3259 1915 3304 the
1940 3259 2064 3303 Law.
2144 3258 2245 3303 The

407 3335 591 3388 pretext
617 3329 672 3374 of
685 3343 713 3372 a
732 3329 900 3373 tender
920 3330 1190 3373 conscience
1215 3330 1326 3374 does
1347 3335 1431 3374 not
1452 3344 1619 3375 excuse
1639 3330 1752 3373 him.

500 3403 570 3446 17.
634 3402 868 3458 Fourthly,
906 3400 956 3444 If
987 3400 1069 3444 the
1105 3401 1331 3458 probable
1360 3415 1548 3446 reasons
1578 3401 1640 3445 be
1673 3400 1836 3459 nearly
1867 3400 2004 3458 equal
2042 3399 2117 3443 for
2149 3400 2243 3443 and

407 3472 589 3529 against
608 3471 690 3516 the
714 3473 885 3529 justIce
911 3472 965 3516 of
989 3471 1071 3516 the
1096 3472 1220 3523 Law,
1250 3486 1300 3518 so
1325 3472 1430 3517 that
1453 3472 1536 3516 the
1561 3471 1777 3529 subject's
1804 3471 1935 3514 mind
1954 3472 1993 3514 is
2013 3470 2243 3515 balanced

407 3541 618 3586 between
651 3543 795 3595 them,
820 3542 881 3587 he
914 3543 954 3587 is
984 3543 1145 3587 bound
1169 3548 1220 3588 to
1253 3544 1386 3602 obey.
1465 3542 1599 3597 (This
1626 3543 1723 3587 also
1752 3542 1790 3585 is
1821 3546 1871 3585 to
1904 3541 1967 3585 be
2003 3541 2149 3585 noted
2177 3542 2242 3599 by

409 3612 543 3656 those
582 3613 684 3657 who
722 3614 860 3657 make
893 3628 921 3657 a
960 3614 1128 3658 tender
1169 3616 1439 3659 conscience
1479 3614 1602 3658 their
1641 3617 1827 3671 pretext
1861 3612 1935 3656 for
1973 3626 2101 3670 gross
2145 3612 2239 3656 dis-

410 3678 706 3734 obedience.)

508 3757 579 3795 lst
597 3754 810 3798 Reason:
837 3755 980 3798 From
1003 3755 1085 3799 the
1110 3756 1233 3800 Rule
1253 3755 1308 3800 of
1327 3756 1452 3809 Law,
1469 3753 1573 3800 that
1594 3753 1845 3799 Possession
1868 3753 1964 3797 isto
1990 3755 2036 3798 be
2059 3759 2241 3811 respect-
