2482 4166
442 272 510 322 54³
973 277 1059 321 DE
1101 275 1277 322 BONA
1317 277 1737 322 INTENTIONE‘.

436 415 556 465 sunt
597 408 799 481 piorum
826 409 1058 464 virorum
1101 411 1341 479 emempla
1358 431 1376 470 ,·
1423 409 1478 461 in
1520 408 1705 478 quibus
1748 407 1989 462 eximium
2028 415 2107 463 est
2148 408 2274 463 illud

436 495 605 547 Lothi
634 493 844 555 factum,
888 499 940 545 et
969 511 1079 563 prae
1114 492 1298 545 ceteris
1335 490 1567 544 illustre:
1608 510 1759 561 quem
1787 492 2001 563 impuris
2033 495 2275 546 Sodomoe

432 576 625 639 incolis,
664 577 733 629 ad
766 576 1014 628 nefandas
1049 575 1285 627 libidines
1314 573 1568 636 vitandaS,
1600 585 1846 644 stuprum
1876 577 2131 643 filiarum
2159 593 2275 628 sua-

435 677 552 712 rum
579 659 796 712 suasisse
824 658 1055 729 legimus,
1089 660 1216 711 Gen.
1241 656 1344 709 xix,
1374 654 1479 726 [8.]
1528 658 1764 729 Longum
1779 662 1928 729 'esset
1957 658 2127 711 omnia
2154 676 2276 728 per-

435 742 615 812 sequi:
657 749 717 794 ut
755 740 976 811 plurima
1017 740 1072 791 in
1114 752 1279 810 pauca
1308 739 1624 801 contraham,
1664 742 1809 793 Dico
1837 739 2038 810 primo,
2084 740 2275 793 dictum
2301 746 2324 787 1

435 824 564 877 illud
594 844 620 878 6
649 826 813 877 malis
843 825 1142 884 minimum,
1183 821 1573 893 intelligendum
1610 822 1818 893 proprie
1859 829 1912 875 et
1939 822 2184 893 primario
2211 823 2276 875 de

436 909 616 961 Malis
660 908 739 976 (ut
770 908 972 975 vocant)
1009 908 1208 968 Poenae,
1253 923 1355 957 non
1392 906 1574 974 Galpoe
1591 925 1611 966 ;
1652 905 1748 957 hoc
1784 911 1877 967 est,
1923 923 2025 957 non
2055 905 2120 957 de
2152 923 2278 974 pec-

437 992 593 1052 catis,
640 990 731 1042 sed
761 989 826 1041 de
853 992 1085 1042 eoeternis
1114 990 1462 1041 incommodis
1490 987 1643 1057 hujus
1672 987 1794 1040 vitae
1819 987 1955 1040 inter
1982 1005 2036 1039 se
2064 987 2277 1039 collatis,

441 1072 556 1135 Quo
587 1072 738 1123 modo
762 1073 970 1133 David,
999 1070 1263 1141 proposita
1291 1070 1387 1123 sibi
1409 1070 1566 1122 trium
1595 1070 1845 1122 malorum
1868 1069 2088 1140 optione,
2112 1071 2276 1131 Belli,

436 1156 649 1215 Famis,
695 1155 895 1214 Pescia
944 1159 1142 1222 pestem
1184 1152 1372 1223 aelegit
1413 1159 1472 1204 ut
1514 1171 1544 1204 e
1585 1152 1750 1205 tribus
1793 1153 1939 1205 malis
1977 1155 2276 1205 minimum.

436 1238 582 1289 Dico
622 1237 865 1297 secundm
913 1235 1146 1287 obtinere
1174 1234 1228 1287 id
1272 1234 1464 1287 dictum
1493 1233 1708 1286 ulterius
1737 1235 1908 1297 etiam,
1952 1235 2050 1286 1106
2092 1253 2243 1287 3611311
2266 1254 2278 1288 :
2300 1242 2329 1282 2

437 1318 724 1389 Propositis
754 1320 959 1370 duobus
986 1319 1168 1379 maliS,
1200 1317 1364 1370 altero
1381 1336 1568 1386 poenae,
1599 1317 1764 1369 altero
1795 1318 1980 1387 σαίρω,
2013 1316 2055 1369 si
2083 1323 2279 1369 utrum-

437 1419 538 1471 que
565 1401 720 1454 vitari
749 1419 853 1452 non
881 1407 1066 1471 potest,
1098 1400 1189 1452 sed
1218 1399 1526 1452 alterutrum
1556 1399 1677 1470 eligi
1701 1418 1906 1452 necesse
1936 1406 2047 1463 est;
2089 1399 2280 1471 eligen-

439 1485 561 1535 dum
610 1491 688 1536 est
730 1486 936 1536 malum
969 1503 1143 1552 poenoe
1185 1482 1354 1553 potius
1397 1500 1551 1552 quam
1594 1484 1800 1534 malum
1837 1484 2043 1553 culpoe:
2087 1482 2207 1552 quia
2253 1500 2282 1534 e

441 1566 641 1618 duobus
679 1569 859 1619 minus
901 1577 977 1619 est
1019 1568 1240 1626 malum,
1280 1565 1389 1635 pati
1432 1565 1622 1617 malum
1666 1583 1820 1635 quam
1860 1565 2045 1617 facere.
2135 1567 2279 1635 Ergo

439 1649 678 1721 eligenda
716 1649 886 1719 potius
930 1654 1008 1700 est
1051 1650 1272 1701 amissio
1304 1649 1557 1700 bonorum
1600 1665 1752 1716 quam
1789 1649 2074 1717 abneyatio
2106 1649 2279 1715 fidei.-

441 1739 495 1785 et
533 1734 754 1785 emulare
793 1730 1085 1802 eligendum
1116 1737 1193 1783 est
1232 1730 1401 1800 potius
1431 1748 1584 1799 quam
1619 1730 1884 1798 pejerare.
1974 1729 2112 1781 Hinc
2153 1729 2280 1781 illud

439 1814 596 1866 animi
644 1815 805 1867 robur
854 1813 1035 1883 priscis
1090 1815 1454 1881 Martyribus,
1510 1811 1734 1882 spoliari,
1775 1811 2023 1882 torqueri,
2065 1811 2280 1864 mactari

440 1896 802 1967 paratioribus
844 1914 999 1966 quam
1027 1895 1328 1948 thurificare
1369 1894 1533 1956 idolis,
1579 1901 1670 1946 aut
1698 1894 1891 1964 aliquid
1921 1894 1973 1947 in
2012 1912 2067 1948 se
2095 1894 2280 1947 admit-

440 1987 553 2032 tere
583 1979 720 2049 quod
751 1986 886 2031 esset
914 1979 1255 2039 inhonestum,
1300 1984 1391 2030 aut
1424 1976 1716 2030 Christiano
1746 1977 1950 2029 nomine
1992 1977 2276 2049 indignum.

441 2061 570 2114 Dico
603 2064 774 2123 τθντὶο,
824 2061 879 2114 Si
910 2066 1264 2130 proponantur
1292 2059 1443 2112 alicui
1471 2062 1577 2112 duo
1596 2070 1829 2129 peccata
1857 2059 2108 2122 facienda,
2155 2077 2277 2129 quo·
2302 2074 2331 2115 3

439 2164 555 2197 rum
577 2152 855 2214 utrumque
878 2149 1079 2196 constat
1105 2160 1215 2194 esse
1234 2153 1535 2212 peccatum,
1566 2148 1804 2194 neutrum
1829 2160 1939 2195 esse
1961 2144 2275 2211 eliyendum,

439 2228 530 2280 sed
558 2235 835 2297 utrumque
865 2226 1146 2279 vitandum.
1216 2225 1376 2295 Atqui
1407 2223 1667 2295 supposito
1696 2231 1969 2294 utrumque
1995 2223 2150 2277 vitari
2175 2242 2279 2276 non

439 2329 603 2381 posse,
628 2311 719 2363 sed
742 2310 1051 2363 alterutrum
1073 2310 1371 2361 necessario
1390 2325 1500 2360 esse
1529 2306 1832 2370 faciendum,
1858 2307 1995 2377 quod
2024 2308 2280 2375 Greyorz'i

439 2394 601 2446 verba
629 2393 718 2446 illa
747 2392 1015 2445 manifeste
1044 2397 1368 2461 supponunt3
1411 2390 1535 2460 quid
1563 2389 1701 2442 hisce
1740 2389 1794 2441 in
1822 2389 2075 2461 angustiis
2113 2388 2278 2459 posito

439 2477 758 2529 suadendum
789 2494 899 2528 esse
928 2481 1078 2545 putes
1096 2474 1125 2525 ‘?
1163 2472 1416 2543 inquietis
1493 2474 1817 2542 RespondeO,
1846 2472 1901 2525 id
1930 2471 2146 2542 supponi
2175 2489 2279 2523 non

436 2576 601 2627 posse.
678 2560 807 2610 Cum
837 2557 972 2609 enim
1002 2575 1150 2609 omne
1170 2567 1452 2627 peccatum
1483 2566 1596 2608 tam
1624 2557 1698 2608 sit
1726 2556 2108 2616 voluntarium,
2139 2564 2200 2606 ut
2228 2555 2280 2606 si

439 2658 545 2692 non
574 2651 703 2692 esset
731 2642 1100 2692 voluntarium
1138 2657 1243 2690 non
1272 2648 1401 2690 esset
1419 2648 1718 2706 peccatum,
1742 2644 1801 2689 ut
1826 2644 1967 2689 recte
1984 2631 2278 2704 bAuyusti-

441 2740 558 2784 nus,
589 2722 700 2773 fieri
726 2740 829 2773 non
857 2728 1028 2790 potest
1052 2726 1109 2771 ut
1138 2719 1320 2788 aliquis
1345 2718 1398 2769 in
1428 2736 1514 2770 eas
1536 2717 1800 2789 angustias
1827 2718 2113 2790 redigatur,
2143 2724 2202 2769 ut
2232 2716 2279 2768 ei

491 2915 510 2934 ἃ
534 2910 557 2944 2
585 2907 692 2944 Sam.
710 2906 811 2942 xxiv.
835 2906 905 2942 14:
932 2904 1017 2940 τῶν
1038 2905 1166 2951 τριῶν
1189 2905 1324 2940 κακῶν
1452 2901 1471 2929 b
1497 2903 1563 2952 [de
1577 2915 1673 2940 vera
1688 2902 1822 2950 Relig.
1842 2913 1876 2939 6.
1889 2901 1968 2939 xiv.
1986 2912 2025 2937 n.
2038 2900 2099 2945 27,
2115 2899 2230 2936 Toni.
2244 2909 2274 2934 1.

444 2971 507 3008 zv:
533 2970 614 3007 vid.
635 2968 766 3006 Suidae
783 2968 880 3004 Lex.
898 2967 985 3003 τῶν
1015 2967 1159 3014 τριῶν.
1403 2966 1489 3003 755.
1503 2977 1550 3012 1);
1569 2966 1748 3002 Retract.
1761 2975 1789 3001 1.
1800 2964 1880 3000 xiii.
1893 2975 1931 3000 n.
1943 2963 2137 3007 5‚Tom.1.
2149 2959 2276 3008 18³2]

445 3082 498 3126 of
524 3082 622 3124 sin:
657 3094 706 3123 as
737 3079 872 3122 when
903 3077 1056 3121 David
1082 3076 1175 3119 had
1207 3080 1257 3120 to
1291 3075 1458 3119 choose
1483 3075 1695 3119 between
1720 3088 1828 3126 war,
1858 3072 2047 3124 famine,
2078 3072 2172 3114 and
2196 3071 2277 3115 the

443 3154 593 3198 sword
619 3153 668 3209 (2
688 3152 811 3194 Sam.
837 3147 994 3203 xxiv.).

533 3224 714 3275 Second,
734 3222 815 3266 the
841 3221 1012 3264 maxim
1037 3220 1214 3278 applies
1239 3219 1375 3270 thus;
1407 3219 1457 3262 If
1476 3232 1536 3261 an
1562 3218 1652 3261 evil
1673 3216 1727 3260 of
1748 3216 1969 3272 suffering
1989 3214 2081 3258 and
2102 3227 2162 3256 an
2187 3213 2278 3256 evil

441 3297 493 3341 of
522 3297 593 3341 sin
622 3295 682 3338 be
707 3292 939 3352 proposed
965 3305 1013 3335 as
1040 3291 1350 3342 asternatives,
1376 3289 1456 3333 the
1482 3290 1657 3333 former
1680 3289 1719 3331 is
1750 3293 1798 3331 to
1823 3288 1883 3330 be
1906 3287 2101 3337 chosen3
2132 3285 2206 3327 for
2239 3285 2277 3327 it

441 3369 478 3411 is
501 3383 529 3411 a
552 3368 643 3411 less
672 3366 762 3410 evil
791 3371 841 3408 to
868 3364 1009 3407 suffer
1041 3377 1101 3406 an
1127 3363 1217 3406 evil
1248 3361 1363 3405 than
1384 3366 1432 3404 to
1455 3361 1514 3404 do
1544 3375 1645 3404 one.
1711 3359 1838 3402 Thus
1862 3373 1930 3402 we
1960 3362 2084 3400 must
2109 3356 2277 3399 choose

442 3441 534 3483 loss
556 3439 610 3482 of
629 3438 789 3495 goods,
818 3436 979 3479 rather
1012 3435 1128 3478 than
1154 3433 1309 3477 denial
1337 3432 1390 3476 of
1407 3446 1492 3476 our
1515 3432 1658 3483 faith;
1691 3431 1824 3481 exile,
1849 3429 2009 3473 rather
2031 3427 2146 3470 than
2172 3439 2275 3483 per-

437 3513 559 3568 jury.
615 3509 726 3552 This
751 3509 788 3551 is
809 3507 890 3551 the
910 3520 1014 3550 case
1035 3506 1088 3549 of
1103 3506 1185 3549 the
1205 3505 1421 3562 Martyrs.

449 3605 453 3610 >
538 3582 693 3631 Third,
724 3579 773 3622 If
794 3584 884 3623 two
905 3579 998 3622 sins
1023 3591 1105 3622 are
1125 3576 1372 3635 proposed,
1395 3573 1580 3618 neither
1604 3573 1643 3615 is
1667 3576 1717 3615 to
1741 3571 1801 3614 be
1826 3569 2023 3619 chosen3
2053 3566 2170 3610 both
2195 3581 2275 3611 are

441 3658 491 3695 to
516 3652 576 3695 be
598 3650 807 3694 avoided.

538 3722 808 3777 Objection:
849 3722 943 3763 But
970 3720 1007 3763 it
1035 3721 1072 3763 is
1099 3718 1331 3776 supposed
1361 3717 1465 3761 that
1487 3714 1604 3760 both
1629 3716 1799 3756 cannot
1830 3711 1890 3755 be
1921 3709 2140 3762 avoided3
2171 3709 2275 3753 that

443 3792 720 3847 necessarily
746 3804 834 3833 one
860 3791 913 3833 of
934 3791 1063 3834 them
1087 3795 1212 3833 must
1235 3790 1295 3832 be
1321 3789 1455 3831 done.

535 3862 749 3905 Answer:
791 3861 901 3903 This
935 3864 1105 3902 cannot
1137 3860 1196 3902 be
1229 3856 1475 3914 supposed,
1500 3856 1576 3900 for
1600 3855 1663 3898 all
1687 3854 1779 3898 sius
1805 3867 1885 3897 are
1906 3853 2163 3909 voluntary.
2229 3851 2279 3894 If
