2482 4166
828 261 1211 306 PRAELEOTIO
1257 262 1532 314 QUARTA.
1998 260 2100 312 109

264 393 343 447 fas
370 391 438 446 sit
465 389 617 445 alteri
646 389 928 460 cuicunque
956 392 1097 461 Leyi
1124 409 1190 444 ex
1218 391 1440 444 adverso
1469 391 1827 446 intercedere:
1858 411 1961 450 non
1990 413 2102 449 esse

264 483 438 529 tamen
480 473 554 527 ita
599 475 946 528 Conscientiae
988 476 1184 543 Leyem
1226 473 1444 537 unicam,
1490 480 1549 527 ut
1592 475 1732 545 quod
1769 493 1873 527 non
1918 483 1996 529 est
2030 477 2102 530 ibi

257 567 586 626 praeceptum
626 555 864 609 continuo
906 557 1164 609 illicitum
1207 555 1289 619 sit,
1331 556 1453 627 quia
1493 574 1597 610 non
1642 564 1722 610 est
1764 565 2099 629 praeceptum.

262 640 334 691 Et
362 638 610 692 hactenus
639 639 704 691 de
735 640 900 692 tertia
937 639 1296 693 Conclusione.

362 722 485 772 XX.
528 720 774 791 Sequitur
795 722 1047 784 QUARTA.
1091 723 1344 791 Propria
1362 733 1412 776 et
1429 724 1726 793 adoequata
1748 725 2101 777 Conscientioe

262 804 477 873 Reyula
506 805 617 857 Dei
643 805 894 857 voluntas
919 815 1011 866 est,
1042 805 1484 875 qualitercunque
1512 808 1816 860 hominibus
1843 809 2099 860 revelata.

261 886 413 939 Hanc
440 885 527 939 alii
556 888 752 956 Leyem
780 888 906 948 Dei,
937 886 1025 939 alii
1054 888 1248 957 Leyem
1283 898 1540 941 aeternam
1583 888 1789 952 dicunt3
1839 889 2101 942 vocabulis

260 985 357 1038 pro
379 986 470 1021 5110
494 967 738 1039 cujusque
759 968 992 1033 arbitri0‚
1011 970 1103 1022 sed
1125 970 1304 1022 eodem
1328 988 1494 1025 sensu.
1536 971 1707 1041 Hujus
1733 973 2101 1026 Conclusionis

260 1050 476 1122 singulae
505 1050 772 1121 particulae
812 1051 1164 1122 expendendae
1201 1059 1334 1105 sunt.
1417 1053 1548 1106 Dico
1583 1056 1785 1123 prima
1839 1055 2101 1108 Voluntas

260 1134 383 1186 Dei.
429 1133 588 1203 Cujus
608 1135 925 1197 Voluntatis,
945 1134 1209 1187 notissima
1227 1142 1305 1188 est
1323 1135 1410 1187 illa
1433 1135 1705 1199 distinctio,
1728 1138 1901 1207 (quam
1925 1144 2101 1190 tamen

260 1233 294 1268 a
324 1215 672 1286 Scriptoribus
701 1216 970 1287 aliquoties
998 1217 1342 1270 animadverti
1384 1225 1477 1272 aut
1523 1237 1626 1271 non
1661 1226 1802 1272 recte
1831 1222 2101 1290 explicari

259 1304 352 1351 aut
379 1316 482 1351 non
510 1298 610 1351 rite
640 1301 959 1369 applicari‚)
983 1299 1037 1351 in
1068 1302 1406 1354 Voluntatem
1430 1303 1787 1372 Beneplaciti,
1820 1309 1872 1356 et
1906 1304 2100 1356 Volun-

262 1391 426 1435 tatem
469 1382 650 1451 Siyni.
732 1381 884 1434 Prior
925 1381 1029 1445 illa,
1076 1400 1230 1452 quam
1275 1385 1619 1453 Beneplaeiti
1658 1391 1859 1446 vocant,
1902 1403 1965 1437 ea
2001 1391 2096 1448 est,

260 1481 364 1533 qua
394 1464 540 1516 Deus
567 1464 633 1516 ab
660 1470 853 1517 aeterno
883 1464 1022 1535 apud
1051 1483 1107 1517 se
1136 1464 1400 1517 constituit
1429 1465 1554 1534 quid
1581 1468 1697 1535 ipse
1724 1468 1853 1519 velit
1867 1469 2059 1536 facere
2078 1490 2096 1519 .·

258 1545 443 1599 Altera
470 1563 624 1616 quam
654 1548 822 1615 Siyni
841 1545 1104 1616 appellant
1126 1564 1189 1599 ea
1207 1553 1301 1609 est,
1325 1564 1429 1616 qua
1449 1547 1596 1600 nobis
1610 1547 1778 1619 legem
1801 1548 2097 1618 praestituit,

257 1627 594 1698 significando
624 1628 747 1697 quid
775 1629 905 1682 velit
933 1647 971 1680 a
997 1630 1149 1682 nobit>²
1168 1631 1311 1697 fieri.
1402 1630 1635 1692 Quarum
1670 1629 1758 1683 illa
1796 1631 2005 1702 proprie
2046 1639 2100 1686 et

257 1708 474 1762 univoce
525 1711 787 1764 Voluntas
821 1712 933 1764 Dei
968 1721 1080 1771 e3t;
1121 1711 1231 1763 haec
1266 1710 1548 1782 improprie
1587 1719 1640 1765 et
1684 1708 1992 1787 ἀναλόγως,
2028 1714 2100 1767 516

258 1791 410 1844 dicta.
503 1792 765 1846 Voluntas
792 1792 880 1845 illa
912 1795 1255 1863 Beneplaciti
1284 1802 1362 1847 est
1395 1794 1494 1865 ipsi
1531 1795 1739 1864 quidem
1778 1798 1893 1849 Deo
1927 1797 1989 1866 (si
2033 1798 2100 1851 de

258 1881 406 1927 tanta
452 1875 729 1946 Majestate
775 1871 894 1931 κατ’
939 1871 1225 1952 ἄνθρωπον
1269 1876 1409 1947 loqui
1445 1877 1523 1929 fas
1569 1878 1675 1947 sit,)
1722 1879 2099 1948 quodammodo

258 1960 458 2027 ayenoli
504 1960 623 2012 Lex
641 1977 661 2022 ,·
701 1976 904 2029 semper
952 1959 1087 2011 enim
1130 1959 1216 2013 ille
1256 1959 1380 2013 facit
1427 1960 1564 2030 quod
1601 1961 1699 2031 ipsi
1739 1962 2099 2033 complacitum

259 2047 374 2094 est:
418 2040 509 2093 5611
538 2059 641 2093 11011
671 2049 749 2095 est
776 2060 810 2094 a
841 2041 957 2094 Deo
986 2041 1133 2094 nobis
1158 2042 1211 2094 in
1248 2044 1446 2112 Leyem
1489 2042 1626 2105 data,
1671 2051 1730 2096 ut
1772 2044 1838 2096 sit
1888 2047 2100 2099 Consci-

257 2125 413 2176 entiae
462 2131 653 2176 nostrae
691 2125 898 2193 reyula,
949 2124 1132 2177 saltem
1175 2125 1313 2194 quod
1357 2125 1425 2177 ad
1471 2143 1556 2177 res
1606 2128 1846 2195 ayenclas
1892 2126 2096 2182 attinet.

257 2205 497 2259 Pertinet
533 2205 622 2258 illa
656 2206 863 2276 quidem
902 2205 1073 2276 aliquo
1111 2207 1263 2259 modo
1309 2206 1377 2259 ad
1428 2208 1820 2261 Oonscientiam
1857 2217 2099 2280 respectu

249 2289 654 2357 perpessionum
678 2308 696 2340 .·
743 2306 776 2341 a
804 2288 1077 2360 post-eriori
1107 2287 1313 2351 scilicet,
1353 2295 1408 2342 et
1449 2289 1547 2342 hoc
1591 2309 1757 2354 5611511,
1799 2292 1938 2362 quod
1972 2293 2099 2346 obli-

257 2387 444 2441 gamur
485 2369 540 2421 in
582 2372 920 2433 conscientia,
963 2371 1302 2441 quodcunque
1345 2371 1620 2444 contigerit
1654 2373 1707 2426 id
1735 2393 1884 2427 omne
1914 2377 2098 2446 poequo

258 2454 442 2504 animo
464 2454 639 2521 ferre,
679 2460 951 2523 postquam
986 2453 1134 2505 nobis
1175 2471 1241 2505 ex
1281 2461 1471 2507 eventu
1512 2455 1799 2509 constiterit
1835 2457 1891 2510 id
1919 2460 2100 2511 Deum

256 2535 513 2596 voluisse5
542 2534 662 2605 quia
691 2536 787 2588 1106
813 2535 976 2589 dictat
1003 2546 1153 2589 recta
1179 2538 1341 2599 rati0,
1373 2555 1476 2589 non
1506 2538 1697 2591 debere
1725 2540 1872 2592 nobis
1898 2543 2100 2595 divinae

307 2726 329 2754 P
358 2719 554 2767 Optimum
591 2724 647 2757 est
683 2720 826 2766 Deum,
857 2733 933 2769 quo
973 2725 1134 2759 auctore
1222 2722 1370 2760 homini
1385 2721 1576 2772 quicquid
1590 2722 1678 2759 Deo
1688 2721 1861 2770 placuit.
1893 2721 1953 2761 Id.
1968 2720 2099 2771 Epist.

256 2783 387 2819 omnia
397 2783 645 2831 proveniunt,
653 2784 736 2820 sine
752 2785 1058 2821 murmuratione
1072 2796 1134 2821 co·
1227 2784 1396 2834 [lxxiv.]

254 2845 405 2884 mitari.
457 2846 595 2884 Senec.
620 2846 751 2895 Epist.
786 2846 934 2896 [evii.]=
963 2847 1135 2886 Placeat

348 2963 419 3003 20.
498 2958 797 3003 0011611651οΝ
839 2960 1053 3005 FOURTH.
1134 2961 1235 3005 The
1279 2975 1453 3020 proper
1491 2962 1585 3005 and
1621 2960 1853 3020 complete
1888 2960 2010 3004 Rule
2049 2959 2104 3004 of

258 3030 541 3074 001156161166
571 3031 609 3074 15
646 3030 728 3075 the
764 3031 875 3075 Will
911 3032 966 3076 of
1004 3033 1124 3086 God,
1158 3033 1296 3077 made
1333 3034 1503 3077 known
1539 3038 1590 3077 to
1629 3047 1741 3077 man
1777 3033 1827 3075 in
1864 3031 2100 3076 whatever

257 3114 467 3145 manner.

352 3170 454 3214 The
492 3176 622 3227 parts
673 3172 728 3216 of
763 3173 856 3218 this
892 3175 1172 3220 Conclusion
1206 3189 1287 3219 are
1322 3180 1373 3219 to
1406 3175 1466 3219 be
1497 3174 1760 3233 separately
1795 3173 2097 3217 considered:

260 3236 349 3295 (A)
389 3242 477 3285 The
497 3242 609 3284 Will
627 3244 686 3298 of
700 3243 816 3295 aod,
837 3244 926 3301 (B)
946 3248 1076 3290 made
1096 3247 1257 3289 known
1281 3254 1324 3289 to
1349 3262 1459 3289 man
1480 3246 1561 3303 (G)
1583 3247 1632 3288 in
1655 3246 1871 3287 whatever
1890 3259 2093 3288 manner.

348 3309 437 3369 (A)
470 3311 571 3354 The
595 3313 709 3355 Will
741 3314 795 3357 of
822 3315 928 3358 God
954 3316 991 3359 is
1016 3317 1235 3360 twofold:
1270 3314 1344 3370 (a)
1377 3317 1478 3360 The
1499 3316 1611 3359 Will
1642 3316 1697 3359 of
1728 3315 1834 3358 Grod
1867 3314 2025 3359 shewn
2048 3316 2099 3359 111

260 3383 386 3426 what
406 3383 466 3426 he
489 3383 614 3434 does,
640 3383 733 3426 and
760 3382 828 3440 (b)
849 3385 898 3427 in
918 3385 1041 3429 what
1066 3386 1126 3430 he
1148 3387 1433 3432 commandS.

349 3448 422 3508 (a)
456 3455 544 3496 The
586 3454 696 3497 Will
726 3456 786 3511 os
805 3455 910 3498 Gocl
932 3457 1076 3499 shewn
1096 3457 1146 3500 in
1170 3458 1289 3500 what
1310 3458 1359 3500 he
1382 3458 1481 3500 does
1512 3456 1550 3499 15
1575 3460 1659 3499 not
1684 3470 1713 3499 a
1733 3456 1843 3499 Law
1868 3455 1945 3500 for
1969 3456 2096 3502 what

259 3539 328 3569 we
348 3539 427 3569 are
458 3530 508 3568 to
535 3524 619 3568 do:
652 3525 739 3569 but
768 3526 806 3569 it
832 3528 1098 3583 appertains
1128 3532 1179 3571 to
1212 3528 1507 3578 Conscience,
1532 3527 1774 3570 inasmuch
1804 3541 1854 3570 as
1879 3528 1916 3571 it
1942 3528 2098 3573 deter-
2144 3565 2152 3569 -

259 3598 407 3640 mines
427 3596 551 3639 what
572 3610 639 3640 we
664 3611 743 3640 are
765 3601 814 3641 to
836 3598 1004 3650 suffer3
1035 3598 1085 3640 in
1104 3598 1197 3642 this
1222 3612 1356 3642 sense
1377 3598 1481 3642 that
1502 3612 1569 3642 we
1590 3612 1670 3642 are
1697 3598 1883 3655 obliged
1903 3599 1951 3641 in
1975 3600 2095 3643 0011-

256 3668 441 3712 56161166
472 3672 522 3711 to
554 3667 669 3711 bear
699 3668 812 3711 with
843 3670 1127 3726 resignation
1155 3683 1293 3726 every
1321 3669 1563 3721 infliction,
1583 3669 1718 3713 when
1738 3670 1775 3713 it
1797 3684 2008 3728 appears,
2033 3671 2097 3729 by

259 3738 342 3782 the
363 3742 513 3792 event,
534 3738 637 3783 that
660 3739 766 3784 God
792 3740 904 3785 wills
929 3741 981 3786 it.
1042 3742 1137 3784 For
1161 3740 1252 3785 this
1274 3741 1311 3784 is
1343 3740 1424 3785 the
1451 3741 1625 3785 dictate
1648 3740 1702 3785 of
1722 3740 1868 3799 Right
1892 3743 2095 3796 Reason,
