2482 4166
770 234 1151 280 PRAELEOTIO
1194 236 1508 282 SECUNDA.
1987 233 2052 282 41

224 368 386 423 solum
425 365 613 419 dicitur
649 366 908 418 ordinari
950 367 1029 417 ad
1064 366 1244 432 finem,
1299 363 1436 433 quod
1476 363 1543 417 ab
1588 367 1811 433 ”ayante
1854 373 2059 422 antece-

223 450 406 502 denter
434 449 671 518 eliyitur,
718 454 778 500 ut
816 449 1053 499 medium
1096 465 1161 498 ex
1201 446 1279 498 sui
1309 453 1496 498 natura
1524 446 1830 499 conveniens
1858 454 1913 501 et
1942 468 2058 502 con-

222 530 442 584 ducibile
483 530 551 582 ad
594 529 750 582 talem
783 531 963 597 finem.
1066 527 1236 580 Priori
1278 546 1429 580 sensu
1470 527 1792 600 intelligatur
1834 537 2056 599 oportet,

222 612 470 682 siquando
501 611 713 664 dicimus
756 611 925 663 Deum
970 612 1228 664 ordinare
1266 611 1420 662 mala
1460 609 1516 662 in
1550 611 1738 663 bonum
1772 611 1958 674 finem3
2003 611 2058 665 id

222 702 315 757 est,
350 693 520 747 Deum
550 712 644 764 pro
685 693 884 746 infinita
925 711 1019 745 sua
1062 691 1315 762 sapientia
1347 698 1400 744 et
1438 692 1671 761 potentia
1711 696 1797 746 uti
1828 695 1974 747 malo
2003 694 2057 746 in

221 777 425 839 bonum,
468 776 549 829 vel
592 794 657 827 ex
700 777 845 828 malo
884 775 1068 827 elicere
1113 776 1340 827 bonum:
1383 774 1475 827 sed
1518 778 1731 828 omnino
1771 776 2056 829 cavendum

219 877 286 911 ne
316 858 564 929 ejusmodi
592 857 872 910 locutiones
901 855 1188 927 posteriore
1225 863 1278 909 et
1322 855 1535 926 proprio
1574 875 1726 909 sensu
1765 858 2056 930 intelligan-

220 947 321 1003 tur,
352 958 412 993 ac
440 940 482 992 si
505 942 648 993 Deus
676 939 863 992 malum
894 939 1101 1008 aliquod
1122 939 1489 992 antecedenter
1518 941 1685 1002 vellet,
1706 943 2053 1011 approbaret,

219 1029 310 1075 aut
338 1024 567 1092 eliyeret,
600 1022 742 1075 velut
774 1024 1009 1074 medium
1051 1039 1117 1074 ex
1159 1020 1238 1075 sui
1276 1027 1465 1074 natura
1507 1021 1814 1076 conveniens
1851 1023 1919 1076 ad
1964 1024 2054 1076 ali-

220 1104 363 1175 cujus
394 1107 517 1158 boni
534 1107 669 1174 finis
698 1103 1123 1157 consecutionem.

339 1188 492 1240 VIII.
578 1189 675 1239 Est
704 1187 859 1239 etiam
890 1205 1099 1257 prorsus
1127 1186 1349 1239 alienum
1378 1204 1410 1239 a
1421 1191 1640 1257 peccati
1668 1195 1871 1251 natura,
1901 1195 1959 1242 ut
1988 1207 2053 1241 ex

219 1287 275 1321 se
317 1271 507 1322 bonum
543 1272 780 1338 effectum
819 1269 1104 1338 producat:
1144 1269 1275 1322 sicut
1313 1287 1408 1322 nec
1450 1277 1622 1339 potest
1664 1273 1847 1324 ⁰mala
1888 1274 2053 1324 arbor

219 1370 282 1404 ex
327 1371 380 1405 se
422 1353 612 1404 bonum
645 1354 899 1420 fructum
931 1353 1198 1421 proferre,
1247 1369 1342 1404 nec
1389 1353 1621 1405 tenebrae
1664 1369 1730 1405 ex
1773 1371 1828 1405 se
1869 1353 2050 1407 lucem.

221 1433 326 1485 Sed
375 1433 513 1485 idem
557 1433 642 1485 ille
692 1434 837 1485 Deus
890 1434 1011 1503 Opt.
1060 1435 1202 1486 Max.
1255 1433 1343 1502 qui
1392 1450 1488 1502 pro
1539 1452 1633 1486 sua
1682 1434 2052 1505 omnipotentia

217 1518 437 1567 Peduxit
473 1534 499 1568 e
535 1516 762 1568 tenebris
790 1517 972 1575 lucem,
1011 1521 1182 1584 potest
1210 1514 1365 1567 etiam
1396 1533 1460 1566 ex
1479 1518 1725 1585 peccatis
1752 1516 1941 1569 nostris
1971 1536 2051 1569 oc-

216 1596 469 1649 casionem
504 1614 706 1648 sumere
740 1596 1060 1648 illustrandae
1094 1614 1306 1648 summae
1345 1615 1451 1648 suae
1484 1599 1782 1667 sapientioe,
1812 1599 2050 1666 justitiae

214 1685 270 1731 et
322 1680 594 1731 bonitalis,
673 1679 870 1731 Verum
912 1678 967 1730 hi
1009 1684 1130 1730 sunt
1181 1678 1390 1731 effectus
1423 1682 1681 1749 potentiae
1723 1683 1939 1743 divinoe,
1991 1690 2052 1735 ut

213 1770 380 1813 causa>
425 1777 520 1830 per
566 1778 621 1813 se
664 1766 718 1813 et
762 1759 970 1830 proprie
1000 1760 1276 1822 efficientiS,
1315 1761 1383 1813 ad
1413 1779 1631 1831 quorum
1660 1762 2049 1834 productionem

213 1842 339 1895 nihil
381 1841 663 1913 adjumenti
706 1842 976 1895 conferunt
1025 1849 1116 1895 aut
1161 1842 1347 1896 virium
1387 1855 1622 1913 peccata
1674 1857 1878 1911 nostra,
1933 1865 2048 1916 quae

213 1925 408 1978 habent
437 1943 491 1976 se
533 1931 780 1995 quantum
809 1925 877 1977 ad
906 1924 1156 1995 ejusmodi
1195 1926 1405 1978 effectus
1434 1945 1575 1979 mere
1604 1931 1966 1998 continyenter
1996 1938 2049 1983 et

207 2026 310 2077 per
342 2008 605 2060 accidens.
665 2009 809 2078 Ergo
837 2007 926 2059 illa
948 2007 1166 2059 Davidis
1191 2008 1351 2060 verba
1374 2026 1488 2077 quae
1514 2027 1666 2061 versu
1693 2017 1878 2079 quarto
1900 2010 2048 2064 istius

211 2088 393 2159 capitis
414 2088 622 2141 adducit
641 2091 854 2142 Paulus
876 2107 904 2141 e
923 2091 1134 2142 Psalm.
1154 2089 1205 2151 li,
1239 2092 1447 2143 Contra
1471 2101 1518 2143 te
1539 2095 1780 2160 peccavi,
1812 2089 1957 2152 ὅπως
1982 2089 2048 2149 ἂν

210 2165 500 2249 δικαιωθῇς,
531 2181 592 2223 ut
613 2173 930 2239 justificeris
973 2173 1033 2222 in
1061 2173 1390 2225 sermonibus
1420 2175 1544 2235 ταῖς,
1588 2191 1692 2226 non
1720 2175 1794 2227 ita
1823 2183 1943 2229 sunt
1969 2176 2046 2228 in-

208 2252 505 2324 telligenda,
546 2252 692 2321 quasi
737 2259 828 2305 aut
870 2271 926 2305 eo
958 2254 1069 2320 fine
1098 2252 1269 2305 David
1297 2254 1607 2307 adulterium
1635 2263 1688 2309 et
1716 2257 2045 2311 homicidium

208 2341 578 2405 perpetrasset,
618 2340 709 2387 aut
747 2353 804 2387 eo
837 2337 950 2402 fine
986 2335 1295 2387 alterutrum
1333 2336 1431 2405 ipsi
1468 2345 1774 2408 perpetrare
1802 2339 2042 2403 licuisset,

208 2424 267 2469 ut
312 2416 383 2469 sic
426 2416 635 2468 tandem
665 2418 1065 2485 justzficaretur
1094 2419 1245 2470 Deus
1273 2420 1335 2470 in
1363 2422 1693 2474 sermonibus
1720 2424 1848 2475 suis.
1939 2423 2045 2476 Sed

207 2505 287 2552 est
313 2498 384 2551 ibi
410 2497 803 2569 intelligendum
831 2497 961 2551 illud
991 2495 1153 2566 ὅπως,
1193 2506 1252 2552 ut
1281 2506 1334 2552 et
1372 2501 1486 2553 aliae
1516 2502 1785 2572 particulae
1813 2504 2044 2574 ejusdem

206 2580 491 2652 potestatiS,
535 2579 636 2647 ἵνα,
684 2578 850 2647 ὥστε,
899 2587 995 2634 etc.
1046 2581 1100 2633 in
1149 2581 1382 2653 plurimis
1422 2583 1707 2655 Scripturae
1751 2586 1890 2650 locis,
1939 2605 2044 2640 non

253 2768 272 2789 n
304 2762 449 2799 ...Non
480 2763 683 2800 convenire
719 2764 816 2801 bono
846 2766 933 2802 viro
970 2765 1080 2802 vitiis
1214 2773 1232 2793 ⁰
1258 2767 1376 2803 Matt.
1393 2766 1457 2803 vii.
1477 2768 1538 2804 18.

203 2824 275 2863 uti.
328 2825 498 2869 Quintil.
519 2826 655 2864 Instit.
680 2827 839 2865 Orator.
859 2839 919 2866 τι.
939 2828 966 2866 i.
987 2826 1068 2878 [7.]
1213 2835 1233 2861 P
1258 2830 1282 2865 2
1304 2828 1396 2866 Cor.
1414 2828 1465 2865 iv.
1482 2828 1519 2866 6.

203 2948 318 2993 used
341 2948 417 2993 for
447 2949 570 3007 good
604 2964 846 3008 purposes,
880 2965 934 2996 or
961 2952 1080 2996 have
1112 2952 1236 3010 good
1260 2953 1499 2997 extracted
1526 2953 1651 2997 from
1675 2954 1819 3009 them,
1847 2957 2043 3018 without

204 3020 372 3076 regard
391 3025 441 3064 to
461 3020 543 3064 the
563 3035 765 3079 purpose
799 3023 855 3067 of
885 3023 966 3067 the
988 3028 1143 3081 agent.
1209 3025 1266 3067 In
1291 3024 1383 3068 this
1404 3039 1517 3083 way,
1539 3011 1645 3069 God
1665 3026 1824 3070 makes
1847 3029 1940 3071 evil
1960 3025 2041 3072 the

203 3104 362 3134 means
383 3096 433 3134 to
454 3092 577 3148 good
593 3093 766 3137 x——but
785 3094 916 3138 this
904 3109 942 3138 ls
963 3108 1025 3137 an
1045 3096 1229 3139 inexact
1252 3109 1335 3140 use
1361 3096 1414 3139 of
1430 3096 1512 3139 the
1536 3096 1719 3153 phrase.
1780 3098 1880 3142 The
1911 3113 2042 3143 more

205 3165 338 3204 exact
362 3162 455 3204 and
477 3175 649 3219 proper
672 3177 755 3208 use
785 3165 838 3216 is,
871 3165 1006 3209 when
1041 3166 1123 3209 the
1149 3171 1289 3223 agent
1310 3167 1562 3225 purposely
1593 3168 1753 3212 makes
1778 3169 1934 3226 things
1960 3170 2042 3214 the

204 3244 365 3274 means
397 3236 447 3274 to
484 3231 556 3275 his
593 3233 721 3277 ends.
789 3235 892 3280 God
927 3232 1039 3280 does
1069 3242 1174 3289 not,
1203 3238 1254 3280 in
1285 3237 1378 3281 this
1411 3251 1560 3289 sense,
1594 3238 1702 3290 will,
1732 3252 1951 3297 approve,
1988 3254 2043 3284 or

205 3301 374 3345 choose
394 3301 621 3359 anything
640 3303 790 3347 which
810 3305 848 3349 is
874 3303 964 3350 evil
988 3320 1038 3350 as
1069 3321 1097 3350 a
1121 3321 1297 3361 means,
1321 3308 1384 3366 by
1408 3309 1468 3351 its
1493 3313 1674 3360 nature,
1699 3310 1836 3353 fitted
1860 3315 1909 3355 to
1934 3325 2042 3370 pro-

204 3377 331 3416 mote
357 3386 386 3416 a
409 3373 532 3430 good
558 3373 664 3417 end.

293 3449 335 3488 8.
401 3445 737 3488 Confirmation
757 3445 810 3489 of
825 3445 917 3490 this
937 3446 1059 3490 from
1083 3442 1336 3505 Scripture.
1394 3432 1532 3492 Matt.
1553 3449 1628 3493 vii.
1652 3454 1721 3502 18,
1746 3456 1773 3494 2
1792 3452 1895 3496 Gor.
1915 3453 1974 3497 iv.
1998 3458 2038 3499 6.

204 3515 363 3558 Psalm
382 3515 430 3559 li.
462 3521 503 3567 4,
537 3515 715 3560 “That
746 3517 863 3560 thou
887 3518 1108 3575 mightest
1137 3519 1198 3561 be
1228 3519 1476 3575 justified,”
1513 3522 1688 3577 quoted
1718 3522 1780 3580 by
1822 3524 1877 3567 St
1909 3525 2043 3578 Paul,

204 3586 340 3629 Rom.
365 3587 429 3630 iii.
455 3592 497 3639 4,
519 3587 556 3631 is
577 3592 660 3631 not
690 3593 740 3632 to
771 3588 830 3632 be
861 3589 1143 3632 understood
1175 3604 1224 3633 as
1256 3590 1298 3633 if
1325 3591 1479 3634 David
1512 3591 1605 3635 had
1635 3593 1799 3637 sinned
1831 3595 1907 3639 for
1937 3596 2042 3640 that

206 3657 322 3709 end3
343 3658 428 3701 but
448 3658 552 3703 that
572 3659 687 3705 such
708 3674 797 3705 was
819 3659 899 3704 the
920 3665 1058 3705 event
1071 3677 1084 3713 3
1109 3675 1158 3705 as
1179 3661 1220 3704 if
1238 3661 1300 3706 he
1324 3661 1418 3705 had
1439 3663 1552 3717 said,
1574 3663 1678 3709 “So
1701 3664 1804 3711 that
1830 3667 1946 3711 thou
1967 3674 2042 3713 art

143 3751 145 3753 >
198 3728 455 3785 justified.'’
