2482 4166
436 236 540 290 190
764 245 850 288 DE
888 244 1117 290 LEGUM
1156 243 1581 291 HUMANARUM
1620 244 1925 290 MATERIA.

435 375 614 429 adesse
657 373 761 427 vim
814 375 1184 444 obliyativam,
1230 391 1345 444 quae
1392 391 1505 427 eam
1550 373 1624 427 ita
1670 373 1933 427 individue
1979 373 2266 438 comitatur,
2303 383 2310 386 ’

434 464 494 511 1113
537 456 705 528 posita
748 458 891 527 Leye
936 474 1141 509 necesse
1197 456 1265 510 sit
1314 455 1458 527 sequi
1511 458 1903 526 obligationem,
1960 463 2013 511 et
2065 459 2269 527 obliqui-

436 542 575 594 tione
603 539 821 603 sublata,
851 557 955 592 11116
982 539 1092 593 tolli
1118 544 1171 592 et
1195 541 1409 608 Leyem.
1480 540 1624 610 Ergo
1652 540 1848 608 Leyem
1867 541 2265 611 permissivam‚

434 630 526 676 aut
558 622 854 695 negandum
898 628 976 675 est
1021 639 1134 674 esse
1175 623 1386 691 Leyem,
1430 627 1522 673 aut
1564 621 1833 674 fatendum
1883 628 1961 674 est
2004 623 2262 691 obliyare.

434 705 572 758 Huic
616 704 888 775 objectioni
925 710 984 756 ut
1027 709 1342 764 occurratur,
1378 702 1521 754 nulla
1569 720 1662 754 nos
1702 703 1843 774 cogit
1887 703 2165 756 necessitas
2202 721 2263 756 eo

435 787 729 859 confugere,
789 793 849 840 ut
897 788 1094 854 Leyem
1134 786 1518 855 permissivam
1576 801 1823 855 negemus
1876 803 1987 838 esse
2036 788 2263 855 Leyem3

433 888 589 940 quam
634 887 738 921 non
781 868 934 921 modo
965 869 1176 936 Leyem,
1223 866 1314 919 sed
1348 873 1400 919 et
1446 867 1607 935 leyem
1637 868 1865 935 proprie
1906 868 2114 919 dictam
2156 884 2266 919 esse

431 952 670 1005 fatemur.
749 952 905 1004 Certe
943 950 1056 1002 Lex
1092 948 1180 1001 illa
1216 947 1445 1001 Mosaica
1483 948 1549 1000 de
1587 947 1818 1018 repudiO,
1857 948 2014 1019 cuju&
2057 950 2264 1003 Match.

432 1034 557 1096 xix„
588 1032 779 1086 mentio
807 1033 950 1085 facta
978 1037 1073 1094 est,
1100 1037 1160 1084 ut
1190 1033 1578 1085 Permissionis
1614 1030 1819 1083 nomine
1848 1031 1989 1084 venit
2028 1033 2265 1100 (Μωσῆς

431 1113 775 1191 ἐπέτρεψεν)
825 1113 959 1167 illius
1012 1112 1193 1184 capitis
1238 1132 1394 1167 versu
1439 1123 1642 1180 οσιαυο,
1693 1112 1765 1165 sic
1810 1112 2037 1183 ejusdem
2083 1113 2264 1183 capitis

433 1217 589 1252 versu
645 1200 867 1267 septimo
920 1196 1220 1249 mandatum
1265 1194 1469 1258 dicitur,
1524 1194 1635 1248 sive
1672 1198 1989 1265 praecepti0‚
2035 1197 2263 1263 (Μωσῆς

432 1278 794 1349 ἐνετείλατο.)
884 1278 1022 1342 Quid
1067 1278 1206 1349 quod
1245 1277 1292 1330 ei
1334 1280 1501 1348 Le9i3
1538 1287 1588 1330 et
1627 1296 1813 1331 nomen
1860 1277 2052 1348 passim
2101 1277 2264 1331 tribu-

431 1363 553 1426 itur,
594 1370 647 1416 et
689 1364 927 1431 definitio
965 1363 1119 1414 illius
1155 1362 1390 1414 nominis
1439 1376 1585 1430 aeque
1631 1359 1886 1431 congruit,
1929 1378 1991 1413 ac
2031 1359 2137 1432 legi
2179 1359 2264 1413 vel

432 1445 754 1516 praecipienti
779 1443 892 1497 fieri
916 1443 1111 1513 aliquid
1146 1443 1229 1496 vel
1268 1442 1496 1496 vetanti:
1543 1448 1602 1495 ut
1641 1441 1844 1494 omnino
1880 1442 2262 1495 concedendum

433 1528 500 1580 sit
543 1530 736 1596 Leyem
779 1527 844 1579 de
889 1526 969 1578 his
1016 1525 1263 1588 omnibus,
1319 1532 1378 1578 ut
1420 1524 1524 1578 suis
1569 1524 1849 1596 speciebUS,
1901 1543 1996 1595 per
2053 1525 2262 1577 modum

432 1609 638 1682 generis
683 1617 737 1663 et
785 1610 1003 1661 univoce
1044 1607 1331 1678 praedicari.
1419 1609 1563 1678 Ergo
1608 1614 1661 1660 et
1705 1606 1834 1660 illud
1880 1607 2262 1660 concedendum

432 1692 550 1756 erit,
594 1691 757 1745 civem
801 1690 1049 1762 ejusmodi
1087 1690 1204 1761 lege
1250 1690 1534 1758 obliyam'?
1617 1688 1839 1741 Omnino
1881 1689 2261 1742 concedendum

430 1793 565 1829 reor.
657 1773 809 1838 Quod
854 1780 913 1826 ut
958 1790 1073 1825 611111
1115 1772 1195 1824 his
1245 1790 1361 1842 quae
1399 1774 1464 1824 de
1510 1773 1617 1840 leye
1647 1773 1976 1841 permissiva
2013 1771 2262 1825 hactenus

430 1856 553 1920 dixi,
592 1875 748 1926 quam
784 1874 888 1907 non
928 1854 1063 1908 male
1106 1855 1377 1917 cohaereat,
1415 1852 1605 1906 rectius
1644 1853 2001 1925 intelligatur:

557 1940 708 1992 XXI.
795 1937 925 1990 Dico
970 1948 1130 2000 secem,
1173 1939 1371 2006 Leyem
1417 1953 1618 1989 omnem
1661 1934 1951 2005 hujusmodi
1979 1936 2261 2005 permissi-

429 2041 570 2084 vam,
620 2027 872 2091 quatenus
918 2021 1000 2072 lew
1038 2025 1131 2081 est,
1165 2020 1406 2088 obliyare
1448 2017 1709 2070 subditum
1749 2017 1803 2069 in
1846 2017 2152 2070 conscientia
2194 2016 2262 2069 ad

431 2105 508 2158 sui
531 2105 960 2157 observationem.
1026 2101 1182 2153 Ratio
1213 2100 1516 2153 manifesta:
1552 2099 1673 2169 quia
1692 2093 2006 2169 hobliyatio,
2035 2107 2095 2152 ut
2123 2117 2260 2169 saepe

430 2187 622 2240 dictum
644 2194 736 2249 est,
761 2192 840 2239 est
866 2186 1033 2254 Legyis
1055 2186 1265 2253 effeetus
1293 2182 1624 2244 necessarius,
1648 2200 1741 2235 nec
1770 2183 1836 2236 ab
1858 2201 1921 2235 ea
1945 2181 2259 2253 separabilis.

432 2270 585 2333 Quod
612 2288 678 2322 ne
706 2286 940 2341 pugnare
969 2267 1208 2336 videatur
1237 2284 1352 2318 611111
1379 2265 1460 2318 his
1490 2284 1606 2335 quae
1635 2264 1785 2317 modo
1815 2264 1962 2327 dicta.
1980 2271 2131 2318 sunt:
2159 2264 2261 2317 duo

427 2352 527 2405 ista
555 2358 674 2405 sunt
696 2350 1033 2412 observanda,
1065 2367 1180 2419 quae
1205 2355 1483 2419 propterea
1510 2347 1776 2419 signanter
1798 2353 1917 2401 sunt
1945 2365 1977 2399 a
1998 2365 2080 2399 me
2103 2364 2261 2398 enun-

429 2434 577 2488 ciata.
666 2434 920 2495 Alterum,
961 2432 1098 2502 quod
1136 2430 1355 2484 dixerim
1385 2432 1582 2499 Leyem
1610 2432 1993 2499 permissivam
2031 2428 2260 2499 obligare
2288 2433 2310 2474 1

428 2517 498 2568 ad
539 2519 627 2569 eui
663 2517 1075 2570 observationem
1093 2534 1110 2567 .·
1138 2513 1279 2566 aliud
1313 2519 1392 2566 est
1423 2519 1597 2565 autem
1635 2511 1854 2583 obligari
1891 2510 2152 2565 subditum
2193 2509 2263 2562 ad

429 2599 819 2651 observandam
851 2599 1061 2666 Leyem‚
1107 2595 1246 2664 quod
1280 2612 1416 2647 nunc
1453 2612 1660 2657 asser03
1702 2595 1843 2647 aliud
1878 2612 2003 2648 vero
2043 2590 2262 2664 obligari

961 2775 979 2802 ¹¹
1008 2776 1101 2826 [vid.
1121 2789 1241 2825 supra
1257 2777 1440 2814 Praelect.
1458 2789 1499 2815 v.
1520 2777 1625 2814 Sect.
1647 2776 1733 2825 10.]

522 2894 593 2932 20.
657 2889 753 2931 But
784 2887 887 2930 how
916 2887 1026 2932 does
1061 2888 1154 2932 this
1182 2901 1320 2945 agree
1351 2888 1463 2932 with
1483 2888 1606 2931 what
1626 2901 1694 2930 we
1715 2887 1833 2930 have
1854 2888 1967 2939 said,
1986 2887 2090 2930 that
2121 2901 2261 2946 every

428 2960 539 3003 Law
558 2960 643 3003 has
663 2973 724 3002 an
745 2958 1005 3016 obligatory
1037 2959 1197 3003 force?
1252 2957 1418 3003 Either
1443 2973 1471 3002 a
1489 2958 1758 3016 permissive
1787 2958 1898 3001 Law
1924 2958 1962 3002 is
1983 2961 2066 3001 not
2087 2971 2116 3000 6
2135 2958 2259 3010 Law,

430 3044 483 3074 or
503 3031 540 3074 it
561 3035 684 3074 must
704 3029 822 3074 have
843 3044 904 3073 an
929 3030 1190 3088 obligatory
1209 3029 1352 3073 force.

517 3103 605 3146 We
624 3102 745 3146 need
763 3105 847 3145 not
868 3115 949 3159 say
973 3101 1076 3145 that
1101 3115 1129 3144 6
1162 3100 1432 3158 permissive
1467 3100 1578 3143 Law
1605 3100 1643 3144 is
1668 3103 1751 3143 not
1770 3113 1798 3143 a
1817 3100 1939 3142 Law.
1999 3099 2057 3142 In
2088 3099 2257 3143 Matth.

428 3173 534 3226 xix„
560 3174 610 3216 in
628 3187 759 3217 verse
782 3177 822 3225 8,
843 3173 925 3216 the
946 3173 1212 3230 expression
1232 3173 1285 3224 is,
1308 3172 1453 3215 Moses
1477 3172 1676 3228 suffered,
1695 3171 1745 3213 in
1765 3184 1895 3214 verse
1917 3171 1959 3222 7,
1979 3170 2018 3213 it
2044 3169 2097 3221 is,
2116 3170 2261 3214 Moses

429 3245 730 3288 commanded.
794 3244 1071 3288 Permissive
1091 3244 1222 3288 Laws
1254 3257 1392 3300 agree
1418 3242 1528 3285 with
1552 3241 1633 3286 the
1659 3241 1903 3285 definition
1931 3241 1985 3284 of
2007 3242 2154 3293 Laws,
2179 3254 2260 3284 are

428 3315 597 3374 always
623 3315 773 3359 called
792 3315 938 3367 Laws,
970 3315 1063 3359 and
1083 3329 1163 3359 are
1183 3315 1315 3358 Laws
1336 3314 1386 3357 in
1405 3313 1486 3357 the
1508 3327 1634 3357 same
1656 3326 1789 3357 sense
1823 3325 1874 3356 as
1895 3311 2031 3356 other
2049 3311 2184 3355 kinds
2210 3311 2265 3355 of

426 3387 572 3431 Laws.
632 3386 740 3430 And
759 3400 827 3430 we
848 3401 955 3444 say:

520 3462 594 3501 21.
658 3457 848 3515 Sioethly,
879 3458 1004 3502 That
1028 3471 1056 3501 a
1086 3456 1364 3501 Permissive
1395 3457 1506 3499 Law
1539 3455 1651 3500 does
1677 3454 1831 3510 oblige
1862 3453 1944 3497 the
1980 3453 2261 3497 Oonscience

430 3527 484 3570 of
506 3528 587 3571 the
621 3529 800 3586 subJect
824 3534 874 3572 to
897 3529 1165 3574 obedience.
1224 3529 1319 3571 But
1354 3527 1570 3571 observet
1603 3526 1685 3570 the
1718 3525 1897 3580 subJect
1932 3524 1969 3567 is
2001 3523 2187 3580 obliged
2211 3528 2260 3567 to

430 3598 551 3656 obey
574 3599 656 3642 the
676 3601 799 3652 Law,
820 3605 903 3643 not
924 3605 974 3644 to
996 3601 1056 3643 do
1082 3600 1163 3643 the
1195 3599 1330 3655 thing
1348 3597 1626 3655 permitted:
1660 3595 1752 3638 and
1776 3594 1858 3638 the
1877 3595 1988 3637 Law
2013 3594 2188 3651 obliges
2213 3595 2261 3637 in

430 3682 482 3712 so
503 3669 577 3712 far
597 3684 646 3714 as
671 3670 709 3714 it
734 3670 772 3714 is
794 3685 822 3713 a
840 3671 971 3723 Law,
995 3675 1080 3714 not
1100 3671 1150 3713 in
1174 3683 1225 3715 so
1245 3669 1321 3712 far
1345 3683 1395 3712 as
1420 3668 1458 3712 it
1482 3669 1519 3712 is
1544 3665 1820 3711 Permissive.
1880 3665 1981 3708 The
2005 3669 2126 3708 term
2145 3665 2262 3708 Law

430 3739 614 3795 implies
635 3740 716 3783 the
740 3754 900 3797 genus,
922 3741 1004 3785 the
1031 3746 1153 3785 term
1182 3740 1436 3799 permissive
1456 3738 1637 3796 implies
1667 3751 1696 3780 a
1724 3736 1979 3793 particular
2007 3735 2182 3792 species
2212 3732 2267 3778 of
