2482 4166
885 237 1270 284 PRAELEOTIO
1302 238 1537 286 SEXTA.
2028 234 2130 290 179

295 387 380 425 res
416 368 528 440 ipsa
567 363 938 438 comprobavit,
978 371 1138 436 atque
1179 370 1427 427 eventus3
1472 364 1561 437 qui
1598 364 1698 417 hoc
1733 364 1842 418 nixi
1877 365 2130 438 principio

294 449 507 521 Imperii
530 448 608 502 sui
629 448 756 501 fines
776 448 930 519 longe
949 446 1155 518 lateque
1177 465 1272 518 per
1289 448 1502 509 Asiam,
1527 448 1800 516 Africam,
1823 450 2128 517 Europam,

292 532 579 586 felicissime
621 531 992 603 produxerunt.
1084 531 1199 593 Quo
1247 528 1468 599 pessimo
1523 528 1771 599 principio
1818 528 1916 581 nisi
1958 530 2130 600 reipsa

291 614 581 668 niterentur
624 613 712 684 qui
755 619 929 666 tamen
971 628 1026 667 se
1069 611 1378 683 profitentur
1426 613 1662 664 maxime
1701 612 1854 681 (pene
1894 610 2130 664 dixeram

291 698 449 766 solos)
487 698 841 758 Christianos,
883 700 937 748 et
965 693 1188 765 purioris
1223 692 1509 765 Religionis
1544 692 1919 746 instauratores
1948 693 2129 746 audire

290 778 552 852 gestiunt3
603 779 698 832 sub
741 785 821 831 tot
864 777 1185 847 saeriley‘iis,
1217 777 1500 847 perjuriis,
1544 778 1913 839 seditionibus,
1960 778 2128 838 bellis,

288 863 624 925 tumultibus,
673 862 976 931 tyrannide,
1021 877 1125 912 non
1165 858 1530 931 ingemisceret
1571 858 1724 912 hodie
1756 858 1944 930 passim
1984 860 2130 913 orbis

297 946 658 1000 Christianus·

415 1027 511 1079 XI.
601 1025 707 1079 Sed
750 1031 945 1078 contra.
1035 1025 1155 1078 Non
1199 1023 1392 1076 debent
1421 1025 1704 1097 principes
1745 1034 1901 1078 terrae
1943 1022 2021 1078 uti
2066 1042 2129 1077 ea

289 1115 548 1180 potestate
590 1126 744 1178 quam
785 1126 818 1161 a
850 1109 966 1160 Deo
1009 1112 1318 1178 acceperunt
1363 1113 1545 1159 contra
1584 1106 1744 1178 ipsius
1781 1109 2124 1169 voluntatem,

290 1198 382 1245 aut
418 1191 660 1244 aliorsum
698 1209 851 1261 quam
889 1189 999 1260 ipse
1036 1188 1272 1243 intendit.
1353 1189 1536 1258 Neque
1575 1188 1711 1242 enim
1743 1196 1851 1242 tam
1896 1190 2019 1241 data
2048 1196 2128 1242 est

291 1273 390 1326 illis
420 1292 482 1326 ea
516 1280 745 1345 potestas
782 1279 841 1326 ut
884 1275 1133 1338 dominis,
1172 1289 1327 1342 quam
1367 1290 1399 1324 a
1441 1273 1556 1324 Deo
1592 1274 1802 1325 credita
1830 1279 1889 1325 ut
1917 1265 2128 1324 kadmi-

290 1359 518 1410 nistris:
563 1358 775 1409 credita
803 1362 977 1409 autem
1015 1374 1076 1408 eo
1105 1355 1221 1417 fine,
1262 1361 1321 1408 ut
1345 1356 1627 1424 justitiam
1652 1354 1895 1416 colerent,
1935 1372 2038 1405 non
2066 1360 2127 1406 ut

292 1441 635 1508 tyrannidem
664 1444 969 1491 exercerent
994 1444 1048 1491 et
1074 1437 1261 1507 injuste
1292 1436 1698 1490 dominarentur.
1768 1436 1920 1499 Quod
1949 1436 2034 1489 vel
2061 1453 2128 1488 ex

289 1521 552 1592 proposito
595 1527 745 1574 textu
787 1519 1113 1572 manifestum
1157 1525 1266 1573 est:
1311 1521 1421 1572 Per
1458 1538 1539 1572 me
1578 1521 1750 1588 Reyes
1791 1528 2036 1587 reynant,
2078 1528 2128 1570 et

279 1606 562 1674 principes
583 1604 743 1672 justa
774 1604 1062 1655 decernunt
1082 1622 1099 1654 .·
1143 1600 1248 1653 acsi
1285 1600 1339 1654 id
1369 1601 1575 1654 demum
1615 1607 1751 1653 esset
1784 1619 2027 1670 reynare,
2074 1606 2128 1652 et

288 1703 412 1739 vere
429 1687 739 1756 principem
768 1703 940 1754 a9ere,
972 1684 1111 1754 quod
1127 1685 1339 1752 justum
1367 1682 1447 1746 sit,
1478 1683 1575 1735 hoc
1604 1689 1806 1736 tantum
1835 1685 2126 1736 decernere.

292 1768 430 1832 Quin
460 1774 513 1821 et
541 1768 820 1838 Prophetae
848 1766 1038 1837 passim
1066 1784 1301 1820 severam
1330 1765 1433 1818 Dei
1461 1764 1592 1818 iram
1622 1772 1675 1818 et
1695 1765 1975 1818 vindictam
2004 1784 2127 1836 pro-

288 1850 511 1903 clamant
548 1850 826 1904 adversum
869 1851 1040 1919 Reyes
1080 1856 1134 1902 et
1172 1851 1482 1919 Principes,
1526 1847 1613 1919 qui
1656 1843 1875 1918 liniqua
1910 1851 2126 1902 decreta

288 1939 596 1998 statuerant,
628 1939 682 1986 et
714 1931 949 1986 meditati
975 1938 1125 1985 erant
1153 1934 1547 2002 miniquitatem
1577 1930 1707 1983 sicut
1735 1933 1949 2000 Leyem.
2020 1931 2073 1982 N
2076 1948 2126 1982 e-

288 2033 390 2086 que
432 2033 555 2068 vero
600 2022 694 2078 est,
732 2033 886 2085 quem
928 2014 1081 2085 hujus
1123 2014 1300 2067 mundi
1338 2015 1576 2066 Politiei
1620 2012 1811 2074 dicunt,
1854 2012 2127 2083 potestatis

289 2097 451 2150 civilis
500 2097 629 2160 finis,
684 2099 915 2167 Imperii
960 2098 1222 2149 dilatatio
1241 2116 1258 2148 :
1308 2095 1399 2149 sed
1444 2095 1798 2148 ”conservatio
1842 2094 2019 2165 populi
2065 2097 2128 2148 in

279 2198 422 2250 pace
461 2190 511 2232 et
555 2180 973 2248 tranquillitate,
1015 2197 1135 2231 cum
1177 2180 1323 2230 omni
1353 2179 1562 2247 pietate
1601 2188 1651 2231 et
1688 2179 2002 2243 ⁰honestate,
2048 2183 2128 2230 est

289 2268 464 2314 autem
494 2263 730 2314 Justitia
758 2259 975 2331 publicae
1009 2259 1164 2330 pacis»,
1196 2259 1344 2329 siqua
1379 2260 1496 2321 alia,
1527 2259 1883 2312 conservatrix
1912 2259 2123 2330 optima.

290 2345 368 2396 Ut
397 2343 531 2396 enim
549 2344 776 2412 justitia
792 2344 928 2410 fidei
956 2360 1132 2411 pacem
1160 2341 1480 2395 conscientiae
1503 2341 1777 2405 internam,
1807 2342 1882 2395 ita
1898 2343 2127 2410 justitia

293 2427 483 2496 leyalis
531 2443 712 2496 pacem
756 2423 1075 2494 Reipublicae
1123 2430 1394 2477 externam
1444 2430 1497 2477 et
1541 2423 1680 2495 parit
1737 2431 1790 2477 et
1837 2430 2122 2477 conservat.

340 2606 360 2633 k
386 2606 627 2655 λειτουργοὶ
639 2606 741 2645 Θεοῦ
756 2607 825 2643 καὶ
843 2605 1167 2653 dta'tcovoc,R0m.
1295 2614 1315 2634 ⁰
1343 2606 1597 2658 [παρακαλῶ
1622 2607 1693 2644 οὖν
1721 2606 1936 2644 ποιεῖσθαι
1970 2606 2128 2652 δεήσεις

290 2670 372 2708 xiii.
383 2668 494 2707 4—6.
507 2668 822 2718 [conf-Praelect.
832 2681 868 2708 V.
888 2669 1165 2716 Sectt.24,302
1247 2669 1350 2718 ὑπὲρ
1377 2668 1551 2706 πάντων
1576 2671 1662 2707 τῶν
1687 2669 1730 2706 ἐν
1758 2668 1947 2718 ὑπεροχῇ
1978 2669 2124 2716 ὄντων,

291 2732 407 2770 Prael.
428 2742 507 2769 VII.
527 2731 632 2770 Seet.
651 2729 731 2779 15.]
1244 2732 1311 2769 ἵνα
1333 2731 1483 2780 ἤρεμον
1508 2732 1575 2768 καὶ
1603 2731 1776 2779 ἡσύχιον
1799 2731 1892 2779 βίον
1917 2730 2126 2781 διάγωμεν

341 2793 351 2820 ¹
389 2794 498 2831 Esai.
513 2805 599 2842 cap.
617 2805 659 2830 x,
675 2805 712 2830 v.
734 2794 769 2831 l.
1245 2794 1288 2831 ἐν
1337 2793 1455 2842 πάσῃ
1502 2793 1694 2841 εὐσεβείᾳ
1740 2792 1809 2830 καὶ
1860 2792 2122 2842 σεμνότητι]

338 2863 368 2883 ¹¹¹
385 2856 531 2894 Psalm,
552 2855 652 2892 xciv.
673 2867 711 2892 v.
733 2857 794 2893 20.
1245 2858 1266 2893 1
1287 2856 1393 2895 Tim.
1413 2868 1500 2905 cap.
1518 2856 1560 2894 ii.
1578 2867 1679 2893 vers.
1694 2857 1732 2894 2.

339 2926 359 2945 ¹¹
387 2919 514 2969 [conf.
533 2931 654 2968 supra
669 2919 854 2957 Praelect.
873 2930 912 2956 v.
934 2920 1038 2957 Sect.
1057 2918 1139 2968 19.]

380 3044 452 3083 11.
515 3040 610 3083 But
636 3039 718 3083 the
745 3038 1026 3097 Arguments
1047 3040 1227 3097 against
1247 3038 1339 3083 this
1361 3052 1441 3082 are
1462 3038 1673 3082 decisive.
1748 3038 1903 3082 First:
1931 3029 2124 3083 Princ‘es

291 3122 372 3154 are
391 3114 476 3153 not
499 3114 550 3153 to
574 3123 658 3153 use
677 3109 759 3153 the
784 3124 942 3167 power
964 3111 1101 3167 given
1126 3110 1257 3154 them
1276 3110 1339 3167 by
1359 3109 1465 3153 God
1490 3110 1540 3152 in
1563 3122 1592 3151 a
1612 3121 1807 3151 manner
1832 3107 2050 3166 contrary
2073 3113 2124 3153 to

291 3180 374 3224 the
393 3180 488 3222 will
514 3180 568 3222 of
596 3180 727 3224 God:
780 3181 855 3224 for
878 3180 1003 3224 their
1031 3194 1188 3238 power
1217 3181 1256 3224 is
1286 3181 1423 3237 given
1455 3184 1506 3224 to
1540 3179 1672 3223 them
1705 3183 1790 3222 not
1822 3192 1872 3222 as
1911 3179 2124 3224 absolute

292 3254 502 3302 masters,
519 3250 607 3293 but
636 3263 686 3294 as
707 3251 968 3303 ministers3
1004 3252 1098 3294 and
1118 3251 1361 3295 entrusted
1389 3255 1439 3294 to
1466 3250 1527 3294 be
1551 3249 1664 3294 used
1696 3249 1772 3292 for
1795 3249 1877 3293 the
1897 3264 2123 3308 purposes

293 3321 349 3365 of
367 3321 551 3377 justice,
579 3325 664 3364 not
694 3320 749 3363 of
772 3325 988 3378 tyranny,
1018 3322 1155 3365 Rom.
1185 3322 1278 3365 xiii.
1309 3327 1350 3374 4,
1376 3324 1402 3364 6
1419 3336 1432 3372 3
1472 3322 1614 3364 Prov.
1644 3320 1737 3363 viii.
1770 3325 1839 3363 15.
1916 3321 2122 3365 Accord-

292 3392 421 3449 ingly
452 3391 534 3435 the
565 3390 789 3449 prophets
826 3391 1052 3448 proclaim
1091 3391 1173 3436 the
1211 3405 1356 3448 anger
1387 3391 1440 3435 of
1463 3390 1568 3435 Grod
1593 3390 1774 3448 against
1809 3390 1993 3448 princes
2018 3392 2121 3437 who

294 3463 461 3508 decree
479 3463 706 3519 injustice,
727 3462 833 3506 Isai.
858 3463 951 3515 xi.;
980 3462 1104 3507 Psal.
1129 3462 1244 3506 xciv.
1270 3467 1342 3506 20.

388 3534 633 3591 Secondly:
671 3533 754 3577 the
792 3537 896 3577 true
929 3533 1021 3577 end
1056 3533 1111 3577 of
1146 3534 1252 3577 civil
1290 3546 1446 3590 power
1478 3533 1516 3577 is
1557 3536 1642 3576 not
1679 3532 1761 3576 the
1795 3534 2038 3578 extension
2073 3535 2127 3579 of

294 3606 486 3662 empire,
510 3606 597 3649 but
616 3605 697 3649 the
727 3605 1046 3662 preservation
1080 3604 1135 3648 of
1161 3618 1304 3662 peace
1329 3604 1421 3647 and
1446 3604 1680 3661 quietness
1707 3604 1756 3646 in
1787 3605 1852 3647 all
1875 3606 2006 3663 piety
2032 3593 2126 3649 and

294 3676 507 3734 honesty.
584 3676 703 3720 Now
722 3676 902 3721 Justice
935 3676 973 3720 is
1000 3675 1082 3720 the
1107 3675 1211 3720 best
1239 3676 1551 3734 preservative
1576 3675 1631 3718 of
1648 3689 1821 3732 peace3
1858 3690 1907 3720 as
1935 3676 2125 3734 SubJec-

295 3748 391 3792 tive
416 3748 609 3801 Justice‚
637 3747 742 3793 that
778 3748 833 3802 is,
865 3747 1101 3807 integrity‚
1127 3761 1365 3806 preserves
1400 3746 1601 3791 internal
1630 3759 1775 3804 peace
1808 3746 1864 3790 of
1896 3737 2045 3801 mind,
2074 3753 2126 3793 so

1768 3817 1954 3867 12-2
