2482 4166
857 245 1239 291 PRAELECTIO
1282 247 1443 299 QUIN
1447 248 1542 293 TA.
2016 245 2044 295 1
2054 243 2118 297 63

230 384 260 426 3
283 381 417 429 rent.
501 375 624 426 Non
678 371 1100 425 animadvertunt
1153 373 1374 443 denique
1430 373 1520 443 qui
1574 374 1677 427 ista
1731 376 1990 446 objiciunt,
2055 397 2115 431 eo

281 462 604 526 argumento,
646 454 689 508 si
727 454 934 525 quidem
975 454 1189 517 valeret,
1235 455 1347 508 tolli
1392 457 1564 525 lequm
1602 458 1969 510 humanarum
2011 478 2113 511 non

281 539 658 607 obliyationem
686 536 866 598 solum,
895 536 989 589 sed
1016 543 1070 589 et
1099 555 1300 589 omnem
1338 538 1542 608 penitus
1571 558 1742 592 usum.
1819 540 1941 592 Non
1980 541 2114 592 enim

280 619 433 672 aliter
460 637 553 671 nos
584 618 822 672 Christus
847 618 1088 672 liberavit
1116 638 1149 672 a
1179 621 1351 689 leyum
1368 622 1442 672 M
1440 622 1751 674 osaicarum
1772 623 2113 692 obliyatione,

280 719 433 771 quam
472 719 652 753 earum
689 720 845 754 usum
883 701 957 754 ita
991 701 1218 755 tollendo
1264 709 1324 755 ut
1365 720 1470 754 non
1505 703 1725 773 amplius
1757 711 1928 757 essent
1969 704 2115 757 nobis

279 798 375 854 pro
420 785 621 853 Zeyibus
662 783 933 836 habendae.
1036 783 1091 837 Si
1133 783 1295 856 igitur
1337 785 1518 837 eodem
1560 786 1711 838 modo
1756 786 1979 840 voluerit
2021 805 2114 838 nos

278 865 469 919 liberos
496 884 608 918 esse
636 866 703 918 ab
731 866 1057 935 obliyatione
1091 856 1299 935 Zequm
1335 868 1716 931 humanarum,
1747 868 1968 921 voluisse
1997 887 2114 921 eum

279 965 481 1017 quoque
509 965 714 1000 necesse
743 954 837 1009 est,
867 954 928 1000 ut
955 946 1110 1000 nullae
1139 955 1379 1001 extarent
1400 949 1617 1019 amplius
1646 952 1896 1004 humanoe
1924 954 2111 1020 Leqes,

282 1030 434 1092 Quod
463 1036 542 1082 est
569 1031 1066 1099 Anabaptistarum
1102 1037 1156 1083 et
1186 1030 1528 1083 fanaticorum
1564 1032 1829 1087 hominum
1859 1033 2112 1095 delirium,

278 1129 372 1164 nec
400 1112 467 1165 ab
494 1112 618 1182 ipsis
642 1111 934 1165 admittitur
963 1111 1051 1181 qui
1079 1111 1179 1166 ista
1203 1112 1465 1183 objiciunt.

397 1195 653 1249 XXXVI.
744 1193 1008 1264 Objiciunt
1048 1201 1102 1246 et
1149 1194 1276 1248 illud
1307 1189 1518 1248 iJacobi
1552 1196 1802 1267 Apostoli,
1846 1201 1996 1252 Unus
2038 1209 2114 1252 est

280 1279 607 1346 Leyislator,
637 1287 730 1330 etc.
817 1279 969 1330 Deus
1007 1275 1197 1330 scilicet
1234 1283 1288 1330 et
1321 1280 1581 1341 Christus,
1612 1274 1736 1349 kqui
1778 1281 1914 1333 solus
1954 1281 2114 1334 domi-

279 1377 376 1412 nus
426 1365 506 1412 est
557 1357 995 1411 conscientiarum.
1083 1360 1121 1411 J
1123 1359 1229 1412 uris
1276 1359 1436 1432 igitur
1495 1362 1702 1415 Christi
1749 1362 1960 1416 invasor
2017 1370 2113 1425 est,

280 1448 334 1494 et
363 1459 418 1494 se
453 1440 506 1493 in
535 1443 646 1494 Dei
682 1443 930 1494 thronum
959 1440 1168 1513 ingerit,
1213 1441 1443 1513 quisquis
1481 1442 1578 1495 sibi
1620 1450 1931 1513 potestatem
1974 1462 2117 1497 assu-

279 1523 374 1576 mit
429 1525 711 1592 obliyandi
764 1522 981 1574 aliorum
1036 1523 1382 1576 conscientias.
1478 1525 1806 1595 Responde0‚
1864 1527 2114 1595 Leqisla-

282 1616 446 1658 torem
483 1623 641 1657 unum
674 1622 785 1656 esse
813 1611 1015 1656 tantum
1046 1605 1381 1674 Supremam,
1421 1606 1509 1677 qui
1537 1625 1737 1659 merum
1766 1614 1820 1661 et
1848 1609 2115 1661 directum

279 1689 567 1757 imperium
611 1686 770 1739 habet
813 1685 867 1737 in
917 1685 1252 1740 conscientias
1301 1687 1580 1751 hominum,
1633 1696 1692 1742 ut
1742 1707 1829 1742 eas
1879 1690 2115 1762 obligare

278 1769 439 1839 possit
459 1788 562 1838 per
589 1788 658 1832 se,
700 1775 753 1821 et
782 1766 975 1821 virtute
1008 1786 1069 1821 ac
1098 1769 1407 1823 auctoritate
1435 1771 1682 1841 propria3
1724 1775 1903 1825 Deum
1930 1791 2116 1844 nempe

279 1857 333 1904 et
365 1852 678 1905 Christum:
718 1849 856 1920 quod
900 1850 1062 1904 voluit
1103 1853 1397 1922 Apostolus.
1489 1854 1643 1917 Quod
1677 1861 1851 1908 tamen
1888 1874 1992 1908 non
2019 1855 2113 1907 im-

278 1932 437 2003 pedit,
486 1951 587 2003 quo
633 1933 800 1986 minus
844 1932 948 1986 sint
992 1940 1046 1987 et
1090 1934 1177 1987 alii
1219 1937 1586 2005 Le9islatores
1628 1937 1886 1990 inferioris
1921 1938 2114 1990 ordinis

280 2022 334 2068 et
361 2016 570 2086 graduS,
615 2016 704 2086 qui
745 2034 840 2086 per
883 2033 1175 2069 concessam
1223 2018 1320 2070 sibi
1374 2026 1428 2072 et
1475 2021 1783 2072 derivatam
1832 2037 1864 2072 a
1917 2038 2114 2073 summo

280 2097 367 2150 illo
398 2098 720 2170 Legislatore
736 2108 1071 2168 potestatem,
1094 2099 1183 2169 jus
1210 2100 1438 2153 habeant
1467 2107 1519 2154 et
1544 2101 1640 2171 ipsi
1671 2103 1804 2171 leyes
1835 2105 2113 2165 condendi,

283 2197 398 2248 quae
427 2198 493 2232 ex
531 2183 866 2250 consequenti
906 2180 1240 2234 conscientias
1282 2182 1526 2254 obligent.
1613 2185 1835 2237 Prorsus
1878 2192 1937 2238 ut
1980 2189 2114 2248 Rex,

282 2261 372 2330 qui
438 2261 573 2314 solus
629 2263 789 2316 habet
845 2261 900 2314 in
961 2280 1125 2334 regno
1185 2282 1276 2317 suo
1324 2276 1645 2334 potestatem
1715 2269 2115 2337 Leqislativam

283 2339 764 2420 αὐτοκρατορικὴν,
808 2350 979 2414 potest
1019 2352 1194 2399 tamen
1227 2364 1322 2417 per
1351 2348 1584 2401 chartam
1614 2367 1757 2402 suam
1786 2350 1938 2403 alicui
1977 2370 2116 2403 com-

283 2429 545 2479 munitati
571 2427 655 2480 vel
683 2428 901 2495 colle9i0
935 2426 1024 2497 jus
1066 2428 1193 2481 dare
1236 2432 1499 2483 condendi
1543 2433 1691 2500 leyes,
1733 2450 1849 2501 quae
1888 2432 2118 2504 obligent

283 2508 453 2562 omnia
495 2508 630 2562 illius
675 2508 903 2580 corporis
947 2510 1208 2564 membra:
1248 2530 1352 2564 non
1396 2515 1595 2568 virtute
1630 2517 1888 2584 propria,
1933 2515 2024 2569 sed
2065 2516 2117 2569 vi

578 2690 590 2718 ί
614 2692 684 2741 [iv.
705 2691 790 2741 12.]
1488 2696 1509 2725 ¹¹
1536 2697 1676 2747 [supra
1691 2699 1743 2736 iv.
1764 2699 1821 2748 8.]

281 2817 396 2861 bind
426 2817 696 2871 christiam,
727 2819 820 2863 and
849 2819 955 2864 that
977 2820 1154 2866 human
1185 2823 1319 2867 Laws
1343 2823 1482 2881 given
1507 2823 1570 2882 by
1590 2825 1886 2883 Magistrates
1912 2832 1962 2872 to
1993 2828 2117 2873 their

281 2888 484 2946 subJects
505 2889 672 2934 should
691 2890 807 2934 bind
830 2890 973 2936 them.

370 2959 484 3004 Ans.
525 2962 601 3006 3d.
680 2962 781 3006 The
816 2962 1114 3009 adversaries?
1151 2970 1411 3022 argument,
1446 2967 1489 3010 if
1519 2968 1559 3011 it
1597 2982 1719 3012 were
1754 2969 1809 3012 of
1842 2983 1934 3026 any
1972 2970 2116 3024 force,

280 3031 436 3074 would
468 3031 596 3085 hold,
635 3037 719 3077 not
758 3034 869 3092 only
907 3035 1088 3092 against
1126 3036 1207 3080 the
1246 3037 1487 3094 obliyation
1522 3039 1577 3082 of
1610 3040 1800 3083 Human
1842 3040 1989 3092 Laws,
2031 3041 2116 3085 but

282 3101 462 3157 against
481 3103 605 3146 their
628 3105 830 3161 necessity
860 3105 971 3149 alsa
1036 3106 1131 3150 For
1152 3107 1307 3152 Christ
1330 3108 1413 3153 has
1438 3110 1571 3154 freed
1591 3124 1644 3154 us
1665 3111 1788 3154 from
1818 3110 1899 3154 the
1929 3112 2040 3154 Law
2065 3113 2120 3156 of

282 3170 451 3222 Moses,
480 3173 544 3229 by
572 3174 735 3230 taking
764 3188 893 3232 away
913 3176 972 3220 its
993 3178 1223 3235 necessity
1241 3179 1334 3222 and
1354 3193 1451 3224 use.
1511 3181 1569 3233 If,
1591 3181 1844 3233 therefore,
1864 3181 1925 3225 he
1949 3182 2033 3227 has
2063 3185 2113 3226 in

281 3240 363 3284 the
395 3256 521 3286 same
551 3257 651 3300 way
682 3243 816 3288 freed
847 3259 900 3289 us
930 3246 1055 3290 from
1085 3248 1275 3292 Human
1300 3250 1448 3303 Laws,
1477 3250 1538 3295 he
1562 3252 1645 3295 has
1670 3252 1813 3295 taken
1843 3266 1973 3310 away
1991 3253 2116 3298 their

282 3313 511 3370 necessity
534 3314 628 3357 and
647 3327 754 3366 use3
785 3314 935 3359 which
954 3318 993 3360 is
1011 3317 1093 3361 the
1113 3323 1244 3363 tenet
1269 3320 1324 3363 of
1342 3320 1643 3379 Anabaptists
1663 3323 1757 3366 and
1776 3323 2007 3377 Fanatics,
2028 3325 2114 3369 but

282 3382 321 3426 is
346 3384 551 3439 reJected
575 3384 639 3441 by
663 3398 750 3428 our
773 3386 1057 3431 adversaries
1081 3388 1373 3434 themselves.

375 3458 447 3498 36.
513 3452 575 3506 5⁰,
606 3455 738 3513 They
769 3470 884 3513 urge
911 3457 1069 3502 James
1089 3459 1152 3503 iii.
1181 3464 1251 3511 12,
1282 3460 1309 3481 ‘⁶
1326 3461 1480 3505 There
1507 3463 1545 3506 is
1572 3476 1661 3507 one
1693 3464 1910 3522 lawgiver
1932 3466 2035 3510 who
2073 3467 2112 3511 is

283 3523 389 3568 able
414 3530 464 3569 to
485 3539 592 3570 save
611 3527 704 3569 and
726 3531 773 3570 to
795 3528 1028 3586 destroy.’'
1089 3529 1344 3575 Therefore
1364 3531 1425 3575 he
1450 3533 1488 3576 is
1514 3547 1575 3576 an
1599 3548 1797 3592 usurper
1817 3537 1872 3580 of
1886 3536 1967 3581 the
1987 3537 2113 3595 right

284 3595 339 3639 of
359 3596 528 3649 Christ,
552 3597 655 3641 who
677 3612 880 3642 assumes
902 3599 982 3642 the
1003 3613 1159 3657 power
1185 3602 1239 3644 of
1257 3602 1453 3660 binding
1475 3604 1792 3650 Oonsciences.

370 3666 572 3713 Answer.
635 3670 681 3713 It
706 3670 744 3713 is
764 3674 883 3722 true,
903 3670 1006 3714 that
1028 3671 1161 3716 there
1179 3673 1217 3716 is
1238 3673 1348 3731 only
1373 3688 1461 3718 one
1483 3676 1710 3733 Supreme
1730 3679 1992 3736 Legislator
2010 3680 2113 3725 who

283 3736 367 3783 has
400 3753 428 3783 a
452 3740 607 3798 simple
629 3741 722 3785 and
752 3742 890 3786 direct
918 3742 1156 3803 authority
1181 3758 1292 3789 over
1322 3746 1466 3792 men’s
1489 3747 1806 3802 Consciences,
1838 3764 1888 3794 so
1914 3751 2017 3796 that
2053 3752 2114 3796 he

1759 3835 1943 3885 11-2
