2482 4166
414 254 519 305 258
1024 263 1111 308 DE
1152 264 1319 309 LEGE
1361 264 1636 310 POENALI.

417 392 651 447 secundis
689 393 880 466 nuptiis
920 402 1138 449 arceret.
1224 397 1335 449 Nec
1378 403 1551 450 tamen
1591 396 1895 468 apponendo
1935 395 2091 450 talem
2135 415 2252 450 con-

421 476 666 529 ditionem
709 476 930 530 intendit
978 478 1099 546 (imo
1145 497 1211 531 ne
1239 479 1408 549 potuit
1453 479 1661 549 quidem
1703 479 1993 549 intendere)
2038 497 2253 532 uxorem

423 558 653 631 obligare
684 562 761 612 ad
792 561 1023 629 culpam,
1051 560 1125 614 ita
1152 567 1211 613 ut
1240 568 1477 631 peccaret
1505 561 1548 614 si
1577 561 1730 614 alteri
1758 562 1992 614 nuberet.

549 643 702 697 XIX.
789 642 902 705 Ast,
946 641 1159 712 inquieS‚
1207 645 1284 694 ad
1327 644 1544 712 culpam
1590 649 1643 695 et
1680 644 1866 696 Pacta
1910 642 2158 715 obligant,
2200 650 2253 696 et

435 725 782 777 Testamenta
820 723 1064 794 obligant.
1152 724 1288 775 Nam
1328 729 1382 776 et
1418 724 1462 775 is
1495 734 1703 792 peccat,
1751 724 1838 793 qui
1866 735 2097 794 pactum
2135 743 2252 777 con-

422 811 636 858 ventum
689 824 792 858 non
836 811 1044 858 servat:
1095 810 1149 856 et
1193 810 1371 874 peccat
1423 806 1739 873 Zeyatarz'us‚
1784 806 1828 857 si
1876 806 2027 858 aliter
2071 806 2252 859 fecerit

423 904 578 956 quam
614 892 922 940 testamento
960 892 1166 938 cautum
1213 891 1306 938 est.
1385 886 1710 956 RespondeO,
1753 885 1907 958 longe
1944 885 2084 939 aliud
2124 905 2249 950 esse,

421 969 464 1021 si
492 968 605 1038 quis
634 979 904 1029 conventa,
948 978 1331 1029 testamentum,
1374 974 1466 1020 aut
1496 970 1630 1037 leqes
1667 967 1856 1022 violet:
1901 967 2041 1020 aliud
2070 968 2111 1020 si
2140 970 2252 1038 quis

423 1057 603 1102 contra
654 1051 764 1117 ejus
817 1051 1033 1118 quicum
1082 1051 1370 1111 contraxit,
1432 1052 1702 1103 testatoris
1751 1057 1841 1103 aut
1887 1052 2246 1119 Leyislatoris

421 1133 748 1185 voluntatem
775 1130 958 1183 fecerit
986 1133 1082 1184 sub
1120 1133 1420 1185 conditione
1451 1132 1610 1185 latam
1639 1131 1722 1185 vel
1757 1132 2027 1202 prolatam.
2113 1132 2252 1196 Quid

419 1213 639 1277 intersit,
684 1231 801 1283 quae
846 1219 969 1265 ante
1005 1213 1312 1266 adduximus
1351 1214 1588 1283 exempla
1616 1213 1807 1284 optime
1834 1215 2102 1267 docebunt.
2189 1216 2252 1266 In

424 1297 586 1365 leyem
631 1297 790 1348 illam
840 1297 1304 1358 conventionalem,
1351 1296 1417 1348 de
1461 1295 1705 1349 triduana
1757 1314 1912 1366 opera
1956 1297 2252 1367 praestanda

422 1379 518 1431 sub
561 1378 725 1431 multa
767 1377 1095 1448 pecuniaria3
1136 1396 1240 1430 non
1282 1377 1521 1431 continuo
1541 1388 1750 1448 peccat,
1783 1378 1871 1448 qui
1900 1396 2109 1449 operam
2148 1397 2250 1430 non

424 1460 638 1523 confert,
668 1460 766 1512 nisi
804 1467 858 1513 et
895 1461 1124 1513 multam
1167 1459 1369 1513 solvere
1407 1467 1642 1513 recuset:
1686 1466 1791 1513 stat
1830 1460 1964 1512 enim
1997 1463 2181 1529 pactis
2209 1460 2252 1512 si

423 1542 733 1595 alterutrum
761 1542 958 1605 fecerit,
989 1542 1144 1612 idque
1173 1543 1451 1595 secundum
1479 1544 1821 1596 intentionem
1841 1545 2249 1613 paciscentium,

423 1623 513 1694 qui
540 1623 876 1677 intendebant
905 1624 973 1676 ad
1006 1624 1144 1677 illam
1182 1642 1392 1695 operam
1428 1625 1774 1694 praestandam
1809 1643 1864 1678 se
1906 1631 2082 1677 mutuo
2123 1626 2252 1678 obli-

419 1725 554 1775 9are
598 1706 820 1776 quidem,
865 1724 968 1757 non
1017 1713 1192 1759 tamen
1245 1706 1541 1776 simpliciter
1591 1713 1644 1759 et
1696 1707 1944 1769 absolute,
2002 1707 2093 1760 sed
2148 1709 2244 1759 sub

421 1790 722 1841 conditione
751 1787 1012 1858 praedicta.
1082 1787 1166 1841 Sic
1196 1793 1248 1840 et
1275 1787 1328 1839 in
1359 1789 1465 1857 Ze9e
1492 1787 1580 1840 illa
1621 1791 2071 1850 Testamentaria,
2111 1790 2252 1842 Caia

421 1869 465 1922 si
499 1871 637 1923 Caio
667 1870 906 1922 defuncto
935 1870 1087 1922 alteri
1114 1870 1291 1932 nubat,
1318 1889 1423 1923 non
1440 1881 1633 1940 peccat
1654 1870 1911 1932 nubendO,
1937 1869 2032 1923 etsi
2053 1876 2251 1922 certum

420 1950 488 2004 sit
515 1953 772 2005 maluisse
808 1962 1126 2013 testatorem,
1171 1951 1389 2022 proinde
1416 1960 1469 2004 et
1497 1953 1723 2005 voluisse
1752 1953 1891 2019 (nam
1921 1954 2016 2022 qui
2044 1954 2252 2005 mavult

420 2035 556 2102 vult)
587 2051 652 2085 ne
680 2033 733 2086 id
761 2032 941 2085 fieret:
978 2043 1229 2102 peccaret
1256 2039 1430 2086 tamen
1459 2033 1638 2104 procul
1667 2033 1837 2096 dubio,
1876 2033 1918 2086 si
1954 2034 2106 2086 alteri
2141 2034 2251 2103 jam

420 2122 598 2186 nupta,
627 2114 827 2186 legatas
858 2125 1165 2169 testamento
1207 2117 1304 2169 sub
1347 2133 1412 2168 ea
1448 2117 1747 2168 conditione
1787 2115 1922 2168 aedes
1951 2134 2064 2167 cum
2092 2115 2250 2167 fundo

421 2197 519 2252 sibi
547 2197 798 2251 retineret
826 2215 920 2250 nec
958 2196 1155 2250 haeredi
1197 2196 1513 2250 restitueret.
1575 2196 1731 2250 Ratio
1776 2196 2043 2267 utriusque
2083 2215 2252 2250 exem-

417 2279 492 2351 pli
536 2280 717 2333 eadem
774 2286 884 2343 est3
930 2280 1122 2332 scilicet
1176 2278 1296 2349 quia
1345 2281 1605 2349 obliyatio
1662 2278 1935 2349 utrobique
1990 2297 2093 2330 non
2150 2278 2248 2331 fuit

420 2380 567 2431 pura,
615 2363 842 2432 simplex
888 2372 938 2415 et
983 2362 1248 2424 absoluta,
1307 2361 1398 2414 sed
1455 2363 1838 2415 conditionalis
1882 2367 2082 2414 tantum
2130 2361 2252 2413 obli-

419 2444 593 2514 gatio:
642 2446 895 2497 Conditio
940 2450 1113 2496 autem
1164 2461 1367 2514 semper
1412 2450 1465 2495 et
1516 2461 1581 2495 ex
1630 2443 1708 2496 sui
1752 2450 1939 2496 natura
1988 2442 2252 2514 suspendit

420 2527 813 2595 obliyationem,
843 2525 917 2579 ita
946 2533 1004 2579 ut
1033 2528 1334 2578 conditione
1361 2524 1609 2595 praestita,
1653 2510 1763 2595 ipso
1793 2524 1944 2587 fact0,
1974 2524 2120 2594 quasi
2140 2523 2250 2594 jam

419 2606 585 2658 soluto
616 2607 832 2669 vincu10,
864 2607 1017 2660 cadat
1044 2608 1316 2677 obligtatz'o.
1405 2608 1467 2659 In
1503 2608 1703 2676 Zeyibus
1744 2606 1869 2659 item
1899 2625 2042 2676 pure
2061 2625 2249 2676 poena-

423 2688 563 2739 libus
589 2688 767 2739 eodem
799 2689 1003 2740 omnino
1033 2689 1185 2741 modo
1213 2707 1268 2740 se
1295 2707 1379 2740 res
1407 2689 1581 2751 habet,
1601 2696 1849 2758 quantum
1873 2690 1949 2741 ad
1970 2690 2251 2757 obliyandi

420 2770 634 2821 modum
684 2779 734 2821 et
783 2787 1089 2822 mensuram
1110 2789 1127 2821 .·
1180 2770 1319 2838 quod
1364 2769 1513 2821 facile
1565 2770 1870 2842 intelligent,
1925 2769 2108 2840 quibus
2150 2769 2250 2822 ista

516 2994 587 3033 19.
651 2989 697 3033 It
717 3002 826 3047 may
845 2988 908 3032 'be
929 2988 1143 3045 objected
1167 2988 1271 3032 that
1296 2987 1413 3032 both
1435 2987 1677 3031 Contracts
1702 2987 1796 3030 and
1817 2988 2109 3031 Testaments
2134 2987 2248 3032 bind

418 3060 569 3104 under
587 3060 732 3113 fault3
764 3074 814 3104 so
835 3059 938 3104 that
964 3074 1055 3117 any
1080 3073 1168 3103 one
1196 3060 1235 3103 is
1261 3059 1473 3117 culpable
1494 3058 1597 3102 who
1623 3059 1815 3103 violates
1840 3058 1985 3102 them.
2061 3059 2155 3102 But
2179 3073 2248 3101 we

417 3132 564 3189 reply,
594 3131 698 3175 that
728 3132 778 3174 in
809 3131 890 3174 the
916 3130 1148 3188 examples
1179 3130 1425 3188 supposed,
1462 3129 1596 3173 those
1627 3129 1737 3187 only
1771 3129 1941 3172 violate
1971 3128 2114 3182 them,
2143 3129 2246 3173 who

416 3202 601 3246 neither
632 3199 697 3246 do'
723 3201 847 3246 what
877 3202 915 3245 is
946 3201 1139 3259 pointed
1171 3206 1267 3254 out,
1299 3215 1385 3244 nor
1415 3191 1588 3245 submit
1617 3205 1667 3244 to
1704 3199 1785 3243 the
1822 3200 1928 3244 fine.
2008 3200 2108 3243 The
2137 3214 2248 3243 man

416 3273 520 3317 who
562 3274 673 3317 does
706 3277 790 3317 not
828 3274 933 3330 give
972 3272 1043 3315 his
1082 3271 1248 3316 labour
1276 3276 1325 3315 to
1355 3271 1437 3316 the
1468 3272 1585 3315 road
1618 3272 1668 3313 in
1699 3271 1780 3314 the
1817 3270 1993 3314 former
2022 3271 2246 3328 example,

416 3345 571 3388 would
595 3344 766 3388 violate
796 3344 879 3387 the
909 3347 1193 3400 agreement,
1224 3343 1266 3385 if
1292 3343 1353 3386 he
1390 3356 1511 3386 were
1540 3347 1590 3385 to
1627 3341 1782 3386 refuse
1816 3346 1866 3385 to
1897 3355 1988 3399 pay
2024 3341 2105 3385 the
2134 3342 2241 3385 fine.

416 3415 528 3459 Gaia
552 3415 706 3459 would
743 3415 914 3458 violate
946 3414 1027 3458 the
1058 3414 1151 3456 will
1187 3413 1229 3457 if
1253 3413 1336 3458 she
1366 3413 1569 3456 married
1600 3412 1737 3469 again
1761 3412 1957 3456 without
1996 3412 2152 3469 giving
2181 3426 2245 3468 up

414 3485 497 3529 the
535 3489 774 3544 property.
851 3486 946 3529 But
988 3484 1072 3529 the
1117 3484 1374 3542 obligation
1409 3484 1459 3526 in
1489 3483 1606 3527 both
1643 3496 1769 3527 cases
1803 3483 1842 3526 is
1881 3487 1965 3527 not
2003 3496 2120 3540 pure
2152 3482 2245 3525 and

414 3557 595 3613 simple,
624 3557 711 3600 but
742 3556 1038 3600 conditional.
1102 3555 1203 3598 The
1233 3554 1484 3598 Condition
1515 3554 1579 3612 by
1607 3554 1666 3597 its
1701 3557 1867 3596 nature
1906 3553 2129 3611 suspends
2163 3552 2245 3595 the

416 3627 697 3684 obligation:
738 3627 781 3670 if
795 3627 876 3671 the
902 3626 1139 3670 condition
1160 3626 1219 3669 be
1246 3625 1527 3683 performed,
1554 3624 1636 3669 the
1664 3624 1920 3683 obligation
1943 3624 2062 3669 falls.
2138 3622 2245 3666 And

414 3695 495 3741 the
522 3711 649 3742 same
674 3698 712 3743 is
733 3697 815 3742 the
837 3711 941 3742 case
967 3698 1015 3741 in
1040 3697 1208 3756 purely
1227 3696 1376 3741 Penal
1395 3696 1542 3741 Laws.

2451 4013 2482 4166 ἕζὲξὲἶημνκι
2469 4003 2476 4006 '
2475 3988 2482 3995 -ι
2464 3961 2482 3978 ’ζ’
2473 3939 2482 3951 ’Δ
2463 3871 2482 3929 Qus...
2478 3825 2482 3831 l
