2482 4166
437 250 504 300 52
968 256 1054 299 DE
1095 255 1271 302 BONA
1309 256 1729 301 INTENTIONE.

436 386 956 458 Rerumpublicarum
994 389 1326 458 perturbasse
1356 388 1619 451 efficaciuS‚
1661 407 1814 458 quam
1841 391 2049 441 obtentu
2076 390 2266 457 qlorice

438 473 562 532 Dei,
603 473 961 539 reformandos
997 472 1312 539 Reliyionis,
1349 473 1704 540 propayandi
1750 473 2061 540 Evanyclii,
2103 474 2265 524 extir-

428 555 634 623 pandoc
674 555 1085 623 superstitionis,
1131 555 1415 605 eoealtcmdi
1457 555 1610 621 requi
1651 556 1879 605 Domini
1921 554 2094 605 nostri
2135 555 2268 605 Jcsu
2303 610 2306 613 ,

446 638 665 690 Christi.
748 635 1027 705 Conquesti
1062 641 1183 687 sunt
1217 634 1450 705 graviter
1495 635 1593 686 hac
1628 635 1693 687 de
1733 653 1792 687 re
1837 634 2026 704 passim
2065 633 2120 685 in
2164 634 2267 686 suis

439 718 641 789 scriptis
669 717 1084 770 Protestantium
1105 711 1484 787 Theologorum
1508 716 1729 787 proximi
1754 723 1896 769 retro
1923 716 2080 768 seculi
2108 715 2267 768 nomi-

438 800 687 854 natissimi
716 800 918 870 quique,
956 801 1231 863 Calvinus,
1270 801 1529 865 Bucerus,
1578 800 1886 869 Zuinylius,
1930 797 2131 868 reliqui.
2204 799 2268 850 In

438 883 519 935 his
546 883 627 936 vir
657 883 958 945 eruditione,
989 881 1256 944 modestia,
1286 881 1482 951 pietate
1516 882 1692 952 paucis
1720 881 1970 934 secundus
1999 883 2268 950 Hierony-

437 984 556 1019 mus
600 967 894 1027 Zara-chius,
938 968 1063 1034 E90
1105 983 1211 1017 non
1252 966 1509 1034 intelliyo,
1551 964 1733 1034 inquit,
1778 966 1943 1017 istam
1983 966 2269 1034 Reforma-

439 1059 615 1101 torum
644 1050 836 1100 mundi
884 1049 1243 1116 Theoloyiam.
1315 1046 1530 1099 Utinam
1559 1065 1737 1099 earum
1767 1065 1958 1110 rerum,
1991 1064 2105 1116 quae
2134 1064 2269 1098 nunc

438 1131 578 1200 apud
615 1148 709 1181 nos
754 1136 1024 1200 geruntur,
1073 1128 1393 1198 experientia
1438 1147 1541 1181 non
1587 1128 1913 1182 confirmaret
1956 1129 2107 1181 nimis
2158 1146 2269 1181 esse

438 1231 619 1264 verum
640 1211 766 1264 illud
786 1211 924 1280 quod
946 1211 1102 1283 vulgo
1126 1210 1328 1273 dicitur,
1346 1213 1415 1262 In
1434 1214 1643 1264 nomine
1660 1213 1888 1264 Domini
1909 1213 2105 1280 incipit
2123 1230 2269 1264 omne

439 1297 660 1348 malum.
751 1293 990 1366 Cogitate
1031 1295 1274 1354 secundo,
1311 1299 1504 1363 quanta
1544 1311 1658 1345 cum
1707 1292 2048 1363 perversitate
2087 1295 2270 1363 yloria
2291 1301 2320 1342 2

439 1381 550 1431 Dei
602 1377 763 1442 bellis,
812 1376 1130 1439 tumultibUS,
1178 1376 1362 1428 rixosis
1415 1375 1822 1428 contentionibus
1870 1383 1924 1429 et
1970 1375 2262 1445 disputatio-

440 1460 590 1513 nibus
632 1459 896 1513 inutilibus
945 1458 1282 1530 praetexitur:
1347 1458 1490 1528 cujus
1542 1458 1717 1511 Sancti
1769 1457 1979 1511 Domini
2026 1459 2272 1528 Apostoli

440 1543 528 1596 vix
572 1561 796 1612 unquam
822 1542 876 1594 in
904 1543 1007 1594 suis
1037 1543 1308 1610 Epistolis
1337 1540 1679 1593 meminerunt
1708 1541 2070 1608 (meminerunt
2098 1548 2271 1592 autem

437 1626 759 1696 frequenter)
786 1624 881 1677 nisi
910 1624 963 1676 in
994 1624 1172 1676 ordine
1201 1624 1268 1675 ad
1288 1642 1500 1693 pacem,
1526 1630 1578 1675 et
1606 1623 1889 1675 fraternam
1918 1625 2267 1685 dilectionem,

440 1716 494 1762 et
544 1726 755 1762 suavem
795 1707 934 1760 illam
984 1708 1120 1776 (quae
1170 1706 1390 1758 maxime
1443 1704 1764 1758 Christianos
1808 1707 1981 1773 ornat)
2022 1705 2076 1756 in
2113 1706 2269 1757 rebus

441 1790 738 1862 adiaphoris
768 1786 1224 1863 συγκατάβασιν,
1247 1806 1313 1840 ne
1342 1787 1454 1857 quis
1486 1789 1731 1841 libertate
1760 1805 1863 1857 qua
1893 1787 2088 1840 Christi
2116 1788 2270 1840 bene-

438 1874 551 1927 ficio
581 1873 799 1926 fruimur
831 1873 906 1925 ita
941 1873 1202 1934 abutatur,
1240 1878 1300 1923 ut
1345 1871 1410 1923 sit
1445 1870 1556 1922 aliis
1597 1872 1912 1940 offendiculo
1951 1870 2034 1923 vel
2070 1890 2269 1939 yrava-

439 1959 593 2009 mini.
670 1954 910 2027 Cogitate
940 1957 1113 2017 tertio,
1150 1954 1341 2006 debere
1369 1971 1483 2005 eum
1514 1952 1602 2022 qui
1630 1952 1725 2005 sibi
1753 1955 1864 2006 Dei
1888 1954 2124 2022 yloriam
2152 1971 2268 2022 pro·
2292 1963 2321 2004 3

438 2039 584 2110 ponit
608 2045 668 2091 ut
683 2040 864 2106 finem,
896 2039 1091 2106 Leyem
1120 2038 1285 2090 etiam
1327 2038 1438 2089 Dei
1481 2035 1576 2088 sibi
1618 2053 1906 2107 proponere
1940 2042 1998 2088 ut
2025 2037 2270 2104 requiam

439 2121 663 2174 omnium
709 2120 965 2174 actionum
1014 2137 1237 2173 suarum.
1329 2120 1420 2172 Ad
1456 2120 1632 2187 leqem,
1678 2129 1727 2171 ct
1773 2120 1849 2170 ad
1898 2119 2268 2171 testimonium.

439 2208 578 2258 Esa.
610 2204 710 2258 viii.
743 2206 831 2257 20.
918 2204 1062 2265 Esto,
1105 2208 1164 2255 ut
1202 2218 1298 2272 par
1327 2208 1420 2263 est,
1458 2202 1648 2269 qlorioe
1675 2202 1784 2253 Dei
1820 2199 2050 2262 intuitus„
2080 2200 2270 2271 agendi

428 2289 623 2356 finalis
674 2306 844 2341 causa
865 2308 881 2338 .·
925 2292 981 2338 at
1023 2303 1217 2338 norma
1262 2285 1461 2353 ayendi
1510 2290 1564 2336 et
1609 2283 1755 2353 quasi
1810 2285 1957 2336 ratio
1985 2284 2267 2352 formalis,

438 2389 542 2423 non
581 2377 660 2424 est
699 2372 880 2440 ,cloria
919 2370 1044 2431 Dei,
1092 2368 1183 2421 sed
1229 2368 1478 2420 voluntas
1525 2365 1635 2436 ejus
1672 2365 1920 2419 revelata.
2007 2365 2104 2418 Illa
2144 2384 2269 2437 ergo

439 2453 492 2505 in
521 2460 630 2506 toto
658 2453 779 2506 vitae
810 2453 1027 2505 decursu
1056 2452 1353 2521 spectanda
1382 2456 1476 2512 est,
1516 2456 1574 2501 ut
1612 2460 1755 2502 meta
1779 2448 1847 2501 ad
1882 2466 2034 2517 quam
2064 2466 2271 2500 curren-

441 2536 600 2598 dum;
648 2536 739 2588 sed
789 2542 843 2587 et
889 2535 1000 2587 haec
1050 2535 1389 2595 consulenda,
1433 2537 1492 2584 ut
1537 2539 1731 2584 rectam
1780 2530 2071 2583 insistamus
2123 2532 2272 2583 viam

441 2635 546 2687 qua
582 2617 651 2669 ad
695 2624 885 2670 metam
940 2616 1309 2686 perveniatur:
1353 2613 1590 2666 ne'illud
1631 2613 1686 2665 in
1721 2631 1814 2666 nos
1844 2613 2025 2666 merito
2048 2612 2271 2682 jaciatur

440 2808 709 2854 scendental
731 2808 822 2852 end
836 2824 848 2861 ;
879 2807 972 2851 and
1008 2821 1070 2851 no
1095 2807 1350 2865 particular
1374 2806 1529 2850 action
1554 2807 1591 2850 is
1617 2804 1935 2862 immediately
1958 2804 2137 2862 subJect
2161 2808 2211 2848 to
2243 2819 2272 2848 a

438 2880 817 2925 transcendental
830 2880 936 2931 end,
951 2879 1035 2922 but
1049 2879 1158 2937 only
1174 2878 1376 2936 through
1392 2877 1472 2922 the
1487 2878 1740 2922 mediation
1756 2876 1810 2920 of
1818 2877 2142 2920 intermediate
2157 2877 2270 2920 ends

437 2953 531 2996 and
550 2953 673 2997 laws.
734 2951 798 2995 As
822 2965 884 2995 no
904 2951 1157 3009 particular
1179 2950 1313 3007 thing
1334 2964 1387 2993 or
1406 2950 1545 3006 being
1565 2950 1602 2992 is
1624 2948 1942 3005 immediately
1960 2948 2201 3004 subJected
2221 2953 2270 2991 to

437 3025 519 3069 the
543 3038 689 3081 genus
714 3024 871 3080 Beingy,
893 3023 979 3066 but
1000 3022 1110 3080 only
1129 3021 1333 3079 through
1352 3021 1432 3065 the
1457 3020 1834 3064 intermediation
1864 3019 1918 3062 of
1943 3032 2071 3062 some
2109 3033 2197 3062 one
2224 3020 2278 3062 of

438 3097 520 3140 the
549 3097 650 3140 Ten
674 3096 1048 3146 Predicamcnts3
1079 3107 1144 3145 so,
1170 3094 1219 3136 in
1243 3094 1337 3137 like
1363 3106 1571 3144 manner,
1603 3091 1856 3149 particular
1880 3090 2057 3133 actions
2082 3104 2161 3133 are
2186 3095 2271 3133 not

438 3168 635 3226 ‘directly
660 3168 838 3224 subJect
858 3172 908 3210 to
928 3166 1009 3210 the
1031 3165 1136 3217 end,
1155 3165 1235 3209 the
1251 3165 1383 3223 glory
1404 3165 1458 3208 of
1476 3163 1593 3215 God,
1608 3161 1937 3219 immediately,
1962 3162 2048 3205 but
2068 3161 2272 3218 through

441 3254 569 3283 some
591 3240 645 3283 of
665 3239 745 3284 the
770 3239 872 3282 Ten
894 3236 1319 3282 Commandments.
1375 3236 1475 3280 The
1499 3236 1631 3293 glory
1662 3234 1716 3278 of
1738 3233 1843 3277 God
1867 3233 1905 3276 is
1925 3232 2006 3277 the
2028 3233 2119 3277 end
2140 3233 2195 3276 of
2208 3233 2272 3275 all

440 3311 521 3355 the
553 3311 705 3356 duties
741 3309 991 3354 contained
1026 3309 1076 3351 in
1105 3308 1240 3352 those
1265 3307 1679 3358 commandments,
1706 3304 1940 3363 expressly
1960 3318 2014 3349 or
2036 3304 2265 3361 virtually.

440 3382 548 3426 And
583 3398 633 3427 as
667 3382 864 3439 nothing
888 3381 1035 3439 really
1058 3380 1250 3437 belongs
1275 3384 1324 3423 to
1350 3380 1494 3437 Beiny
1512 3378 1662 3422 which
1686 3377 1770 3421 has
1796 3380 1880 3419 not
1904 3390 1933 3418 a
1965 3376 2097 3433 place
2122 3375 2271 3417 under

440 3467 569 3498 some
598 3455 652 3498 of
672 3455 754 3498 the
786 3455 886 3497 Ten
919 3453 1096 3497 Classes
1117 3452 1172 3495 of
1195 3451 1561 3502 Predicaments‚
1586 3463 1636 3494 so
1667 3448 1864 3503 nothing
1887 3447 2034 3503 really
2064 3446 2199 3488 tends
2220 3449 2270 3488 to

442 3524 582 3569 God's
615 3527 750 3584 glory
783 3524 934 3568 which
968 3524 1051 3568 has
1085 3528 1169 3567 not
1198 3537 1227 3566 a
1256 3523 1389 3581 place
1431 3535 1602 3578 among
1638 3519 1720 3563 the
1753 3518 1904 3561 duties
1934 3516 1988 3560 of
2018 3516 2147 3573 piety
2178 3516 2271 3559 and

439 3595 621 3653 charity
640 3598 690 3639 in
714 3611 803 3641 one
825 3596 880 3640 of
894 3595 975 3640 the
1002 3596 1100 3640 Ten
1125 3594 1547 3638 Commandments.
1607 3591 1769 3633 Hence
1790 3602 1818 3631 a
1841 3601 2010 3644 person
2035 3587 2137 3630 who
2162 3601 2271 3645 pro-

439 3664 582 3709 fesses
614 3673 662 3710 to
688 3673 764 3711 act
793 3668 869 3711 for
896 3667 977 3711 the
1002 3667 1135 3724 glory
1170 3666 1224 3709 of
1244 3665 1364 3716 God,
1394 3664 1487 3707 and
1514 3665 1685 3707 cannot
1714 3674 1795 3717 say
1825 3659 1964 3702 which
1992 3658 2270 3703 Command-

440 3740 570 3779 ment
591 3738 644 3780 of
664 3738 744 3782 the
770 3738 924 3782 divine
945 3739 1030 3781 law
1054 3738 1114 3781 he
1136 3737 1291 3794 obeys,
1311 3735 1455 3779 triflcs
1478 3732 1586 3777 with
1611 3731 1839 3788 morality.
