2482 4166
344 261 431 312 xiv

1054 271 1465 318 SUMMARIUM.

463 393 519 434 13
692 390 916 435 Probatur
945 391 1132 447 Quinto,
1177 408 1205 438 a
1253 393 1344 438 Dei
1387 394 1599 447 vindicta,
1640 395 1870 452 punientis
1900 396 2033 453 Legis
2085 412 2175 442 suae

1029 459 1136 518 (etsi
1154 464 1273 507 bona
1291 464 1539 509 intentione
1559 465 1749 525 factam)
1771 468 2175 523 transgressionem.

463 535 521 576 14
948 533 1100 586 Sexto,
1120 533 1177 576 ab
1197 534 1492 579 incommodis
1511 537 1741 580 contrariae
1761 538 2005 581 sententiae.

463 606 518 646 15
539 618 604 659 sq.
697 603 1038 648 CoRoLLARIUM
1059 604 1273 648 PRIMUM.

885 674 993 718 Zelo
1011 675 1164 730 gloriae
1185 675 1274 719 Dei
1292 689 1350 718 ne
1380 676 1439 720 ad
1466 676 1626 722 illicita
1645 677 1944 734 perpetranda
1963 678 2175 732 feramur,

977 745 1241 788 cavendum.
1270 747 1272 750 ’

464 812 519 862 17
538 829 604 870 sq.
1056 815 1324 859 SECUNDUM.

883 884 992 929 Non
1012 899 1104 928 esse
1131 885 1464 929 admittendum
1488 886 1671 943 aliquod
1693 891 1929 942 peccatum
1957 892 2177 941 nostrum,

983 959 1037 998 ut
1066 955 1344 1010 impediatur
1371 957 1521 1012 majus
1549 957 1763 1000 alienum.

464 1027 520 1069 19
540 1039 604 1080 sq.
888 1025 1101 1069 Liceatne
1126 1025 1286 1069 saltem
1312 1026 1444 1070 alteri
1471 1027 1656 1071 suadere
1683 1027 1835 1071 minus
1854 1031 2106 1084 peccatum,
2125 1032 2179 1073 ut

990 1096 1141 1150 majus
1169 1095 1455 1150 impediatur.

462 1168 517 1208 21
540 1180 636 1222 sqq.
1055 1165 1294 1209 TERTIUM.

887 1235 995 1280 Non
1014 1251 1107 1281 esse
1126 1237 1247 1281 malo
1267 1237 1441 1281 malum
1460 1239 1738 1295 pellendum.

544 1631 838 1685 TERTIAE
893 1633 1457 1689 PRAELECTIONIS
1511 1635 1985 1690 SUMMARIUM.

350 1776 475 1819 SEcr.
494 1778 514 1818 1
700 1776 925 1820 Institutae
947 1777 1154 1822 Methodi
1173 1780 1302 1823 ratio.

491 1847 520 1888 2
539 1858 635 1901 sqq.
699 1844 832 1888 Pauli
853 1846 1041 1890 Petrum
1061 1848 1429 1903 reprehendentis
1447 1850 1634 1895 factum.

494 1916 522 1957 6
542 1928 607 1969 sq.
698 1913 802 1959 Non
824 1921 931 1960 sunt
951 1917 1103 1960 omnia
1121 1919 1303 1974 piorum
1325 1919 1455 1974 facta,
1477 1935 1576 1979 quae
1596 1921 1646 1964 in
1664 1935 1788 1966 sacra
1809 1921 2038 1977 Scriptura
2056 1920 2177 1965 nude

884 1987 1146 2038 recitantur,
1170 1988 1404 2034 imitanda.

491 2058 519 2096 8
540 2068 636 2111 sqq.
772 2054 846 2098 Ne
867 2056 1053 2111 quidem
1072 2071 1125 2100 ea
1143 2059 1307 2110 omnia,
1329 2073 1429 2114 quae
1450 2062 1497 2103 et
1515 2060 1772 2105 laudantur.

464 2128 519 2168 12
540 2140 603 2181 sq.
696 2125 755 2168 In
773 2127 995 2182 exemplis
1013 2127 1288 2183 applicandis
1308 2130 1508 2184 proclive
1529 2136 1595 2174 est
1614 2146 1775 2176 errare.

464 2199 521 2239 14
541 2211 605 2252 sq.
698 2196 921 2241 Perversae
941 2198 1206 2242 imitationis
1225 2200 1400 2255 aliquot
1421 2201 1645 2257 exempla.

464 2270 521 2311 16
540 2281 635 2324 sqq.
701 2266 1038 2323 Argumentum
1057 2270 1114 2314 ab
1141 2271 1362 2326 exemplo,
1384 2275 1541 2316 contra
1563 2272 1952 2329 ingeniculationis
1970 2273 2113 2317 ritum
2129 2274 2178 2317 in

889 2353 1012 2383 sacra
1033 2340 1176 2384 Coena
1193 2341 1495 2396 percipienda,
1515 2344 1718 2387 examini
1738 2343 1991 2399 subjicitur.

463 2410 521 2452 23
541 2422 606 2463 sq.
699 2407 815 2463 Quis
833 2408 891 2452 sit
913 2408 1243 2464 Exemplorum
1266 2426 1388 2455 usus.

462 2482 518 2522 25
539 2492 636 2534 sqq.
702 2479 988 2535 Cujusquam
1007 2480 1202 2524 hominis
1221 2481 1400 2536 placitis
1418 2482 1624 2526 intutum
1647 2486 1715 2527 est
1741 2483 2055 2527 conscientiam
2074 2483 2179 2527 sub-

906 2563 1032 2592 icere.

464 2620 522 2660 28
699 2563 929 2660 Pontificis
948 2617 1141 2662 Romani
1160 2620 1209 2662 in
1229 2621 1518 2665 conscientias
1536 2621 1776 2667 hominum
1796 2624 2013 2679 tyrannis.

464 2691 521 2732 29
541 2702 606 2744 sq.
696 2687 907 2731 Aliorum
923 2688 1093 2743 judicio
1113 2704 1196 2733 nec
1216 2692 1413 2734 nimium
1432 2693 1740 2749 tribuendum,

463 2760 519 2801 31
1115 2772 1199 2803 nec
1216 2772 1393 2815 parum.

527 3169 851 3232 QUARTAE
910 3173 1473 3227 PRAELECTIONIS
1532 3174 2004 3231 SUMMARIUM.

347 3314 472 3359 Smer.
489 3318 513 3358 1
536 3330 632 3373 sqq.
676 3364 677 3367 ,
696 3317 808 3373 Quae
827 3318 885 3362 sit
904 3318 984 3363 illa
1004 3319 1300 3364 Conscientiae
1321 3322 1507 3376 Reyula.

488 3390 519 3430 4
537 3402 602 3442 sq.
710 3420 719 3430 .
731 3421 757 3430 ..
776 3389 865 3433 Cui
885 3390 1041 3434 debeat
1061 3406 1153 3435 esse
1174 3392 1445 3445 conformis3
1474 3392 1810 3448 inquirendum.

490 3460 518 3499 6
538 3472 635 3513 sqq.
697 3458 871 3502 Eorum
892 3474 991 3515 quae
1012 3461 1342 3506 Conscientiam
1363 3461 1565 3518 obligant
1584 3464 1698 3507 varii
1716 3463 1892 3520 gradus.

491 3527 518 3568 9
537 3539 634 3581 sqq.
698 3527 951 3573 CONcLUSIo
973 3530 1148 3574 PR1MA.

884 3598 1010 3643 Deus
1021 3600 1141 3644 solus
1157 3601 1377 3646 directum
1392 3603 1528 3649 habet
1539 3604 1588 3647 in
1601 3602 1904 3647 Conscientiae
1915 3602 2172 3659 imperium.

462 3663 519 3703 12
538 3676 603 3716 sq.
979 3669 1210 3714 SECUNDA.

883 3736 1095 3782 Proxima
1116 3739 1405 3786 Conscientiae
1426 3741 1615 3798 Regula,
1636 3745 1757 3786 recta
1776 3741 1922 3786 Ratio.
