2482 4166
432 261 458 310 1
467 261 498 311 2
507 259 537 310 6
694 266 780 309 DE
823 262 1194 317 ADAEQUATA
1234 263 1270 306 C
1276 262 1362 307 ΟΝ
1368 262 1553 307 SOIEN
1557 263 1683 307 TIAE
1725 263 2002 309 REGULA.

432 396 554 449 dum
596 393 785 465 pauciS.
873 395 1132 448 Rationis
1175 391 1312 446 circa
1361 390 1683 462 Scripturam
1721 392 1913 463 duplex
1947 390 2268 463 potissimum

432 485 512 531 est
566 495 720 531 usus:
785 478 1087 531 Collativus
1132 474 1322 528 scilicet
1364 480 1418 528 et
1465 476 1738 528 Elativus.
1830 476 2133 529 Collativus
2149 496 2170 536 ,·
2209 481 2269 528 ut

432 578 617 631 nempe
661 559 867 613 diversa
906 560 1207 628 Scripturae
1247 559 1383 620 loca,
1427 575 1490 610 ea
1531 556 1824 628 praesertim
1863 575 1979 627 quae
2014 557 2268 629 insignem

432 643 659 712 aliquam
699 642 917 696 invicem
958 649 1050 694 aut
1088 642 1454 710 coynationem
1491 646 1582 693 aut
1615 642 2036 709 repuynantiam
2074 640 2270 692 habere

435 725 695 788 videntur,
741 724 1018 796 diligenter
1061 725 1400 793 conferamus
1419 742 1437 775 .·
1476 723 1774 780 Illativus3
1821 727 1881 774 ut
1917 728 2070 774 eruta
2097 740 2127 774 e
2153 739 2271 775 ver-

435 808 618 861 borum
664 807 1000 878 proprietate,
1053 812 1299 859 contextu
1341 811 1395 858 et
1439 823 1607 875 scop0,
1655 804 1962 856 documenta
1999 803 2174 856 debite
2217 809 2272 856 et

435 889 710 943 artificiose
751 892 1068 959 inseramus.
1155 890 1417 941 Memores
1458 886 1683 950 interim,
1730 886 1970 939 humanae
2003 884 2193 938 rationi
2219 885 2275 937 in
2363 889 2367 892 ’

436 974 591 1026 rebus
620 975 846 1042 ayendis
873 978 1019 1025 tanto
1048 971 1163 1042 plus
1190 970 1522 1024 tribuendum
1549 988 1675 1032 esse,
1701 986 1854 1038 quam
1883 968 1937 1021 in
1965 969 2244 1022 credendis
2250 987 2271 1028 ,-

437 1061 630 1124 quanto
671 1055 788 1124 plus
829 1054 1079 1107 naturalis
1113 1052 1308 1125 ingenii
1333 1058 1541 1123 captum
1569 1058 1817 1123 superant
1834 1053 1971 1120 fidei
1994 1052 2270 1120 mysteria,

436 1154 591 1207 quam
620 1139 795 1206 officia
831 1138 973 1190 vitoe.

563 1218 847 1272 XXXVII.
920 1219 1287 1271 Auctoritatis
1330 1221 1504 1269 autem
1545 1214 1836 1285 praecipuus
1888 1231 2012 1267 usus
2057 1220 2154 1276 est,
2205 1214 2276 1268 ad

437 1301 816 1356 retundendam
843 1301 1242 1354 Haereticorum
1269 1309 1319 1352 et
1350 1301 1710 1368 Impostorum
1737 1296 2021 1360 audaciam,
2059 1296 2147 1367 qui
2175 1296 2276 1349 cla-

359 1402 361 1405 ’
438 1384 651 1438 rissimis
688 1385 990 1454 Scripturoe
1031 1380 1335 1436 testimoniis
1376 1381 1621 1433 tenebras
1663 1379 1950 1441 offundunt,
1996 1396 2277 1449 earumque

441 1468 545 1521 vim
602 1464 1023 1519 distinctiunculis
1076 1471 1130 1518 et
1178 1462 1548 1517 subtilitatibus
1602 1461 1706 1516 suis
1756 1461 1987 1515 eludunt.
2076 1461 2277 1525 Quibus

441 1568 545 1602 non
588 1548 927 1619 opportunius
971 1564 1027 1600 os
1070 1545 1392 1608 obturabitiS,
1424 1552 1515 1598 aut
1549 1544 1731 1598 saltem
1768 1551 1966 1597 vosmet
2002 1543 2142 1614 ipsos
2184 1543 2278 1596 ali-

443 1649 601 1702 osque
636 1632 703 1683 ab
745 1630 973 1700 ipsorum
1009 1628 1313 1700 contagione
1353 1627 1539 1680 illaesos
1582 1625 1831 1679 efficacius
1873 1625 2275 1688 conservabitis3

443 1732 597 1785 quam
635 1712 678 1766 si
706 1713 982 1781 judicium
1025 1717 1078 1764 et
1110 1712 1338 1781 prascin,
1378 1728 1483 1762 non
1510 1708 1661 1762 unius
1688 1714 1780 1761 aut
1806 1725 2087 1779 paucorum
2115 1707 2275 1760 homi-

443 1815 581 1858 num,
625 1814 730 1849 non
770 1793 921 1848 unius
961 1793 1139 1865 anguli
1176 1799 1268 1846 aut
1308 1791 1464 1846 seculi
1511 1793 1789 1853 Ecclesiae,
1841 1790 1932 1843 sed
1982 1792 2279 1844 Catholicoe

444 1880 563 1947 (hoe
605 1884 698 1939 est,
747 1876 944 1930 diffusae
978 1894 1073 1947 per
1111 1881 1277 1929 totum
1319 1875 1518 1944 orbem)
1557 1873 1781 1926 omnium
1809 1872 2040 1925 locorum
2069 1879 2123 1926 et
2149 1878 2278 1925 tem-

444 1979 629 2031 porum
671 1961 948 2023 Ecclesiae,
992 1958 1220 2028 ipsorum
1258 1956 1483 2027 strophis
1524 1963 1579 2010 et
1621 1954 1948 2026 sophismatis
1989 1954 2277 2026 opponatis,

447 2043 532 2097 Sic
561 2041 681 2095 olim
709 2040 866 2111 prisci
889 2040 964 2093 illi
990 2039 1113 2093 fidei
1143 2039 1451 2093 Christianae
1483 2038 1721 2092 advocati
1759 2040 2014 2099 Irenaeus,
2067 2038 2281 2091 Tertul-

449 2128 645 2187 lianus,
705 2126 1029 2185 Vincentius,
1073 2121 1274 2193 reliqui,
1309 2122 1750 2191 praescriptionis
1779 2121 1908 2189 jure
1942 2138 2057 2172 cum
2094 2119 2281 2172 adver-

446 2207 594 2260 sariis
641 2206 900 2278 agendum
938 2204 1275 2275 judicarunt:
1330 2202 1469 2274 quod
1526 2209 1775 2273 quantum
1820 2201 1934 2254 orbi
1986 2201 2281 2255 Christiano

446 2289 716 2360 profuerit,
761 2295 975 2342 eventus
1020 2286 1210 2342 docuit.
1299 2286 1406 2339 Sed
1447 2285 1548 2339 ista
1586 2284 1771 2348 omnia,
1822 2283 2053 2355 pleniore
2091 2290 2283 2337 tracta-

446 2372 585 2425 tione
615 2372 789 2444 digna,
820 2389 1018 2424 memor
1043 2368 1292 2440 temporis
1319 2368 1522 2439 meique
1550 2374 1606 2421 et
1634 2367 1809 2431 vestri,
1841 2366 2080 2420 omittere
2108 2384 2280 2438 cogor,

447 2461 501 2507 et
530 2472 646 2525 quae
682 2455 747 2507 de
784 2456 992 2524 Leyum
1029 2454 1396 2505 humanarum
1433 2452 1759 2521 obliyatione
1793 2449 2029 2522 proxime
2066 2448 2284 2503 dicenda

450 2544 570 2590 sunt
597 2536 651 2588 in
679 2536 820 2589 aliud
848 2542 1052 2606 tempus
1078 2534 1361 2587 remittere.

548 2713 619 2757 37.
685 2711 786 2754 The
821 2711 1051 2768 principal
1088 2725 1170 2755 use
1207 2710 1262 2755 of
1284 2709 1536 2768 Authority
1570 2711 1608 2754 is
1646 2714 1696 2753 to
1724 2709 1913 2753 confute
1947 2709 2161 2753 Heretics
2192 2710 2286 2753 and

451 2783 722 2840 Impostors,
742 2780 845 2824 who
862 2783 1069 2825 contrive
1095 2785 1144 2825 to
1165 2781 1358 2839 perplex
1379 2781 1459 2825 the
1481 2781 1676 2825 clear-est
1691 2781 1943 2836 testimony
1959 2779 2011 2823 of
2029 2780 2283 2837 Scripture.

451 2853 557 2897 And
573 2853 648 2897 for
668 2852 760 2896 this
781 2866 983 2910 purpose
996 2866 1064 2896 we
1080 2856 1204 2896 must
1223 2852 1342 2896 have
1363 2865 1577 2896 reoourse
1598 2856 1647 2895 to
1667 2851 1749 2894 the
1764 2851 2012 2907 judgment
2038 2850 2132 2893 and
2151 2865 2281 2908 prac-

450 2925 557 2976 tice,
577 2928 661 2967 not
682 2924 737 2967 of
752 2937 841 2967 one
863 2937 916 2967 or
936 2937 965 2967 a
985 2923 1075 2968 few
1094 2937 1219 2975 men,
1237 2927 1323 2967 not
1348 2924 1403 2966 of
1423 2936 1551 2967 some
1571 2926 1677 2980 part
1706 2935 1760 2965 or
1786 2935 1872 2978 age
1897 2921 1952 2964 of
1977 2920 2056 2965 the
2085 2921 2286 2974 Church,

451 2996 537 3040 but
567 2995 622 3039 of
646 2995 728 3039 the
764 2995 1013 3039 'Universal
1053 2994 1241 3038 Church
1274 2994 1329 3038 of
1358 2994 1422 3038 all
1452 2994 1607 3052 places
1637 2993 1732 3036 and
1766 2993 1918 3037 times.
1983 2992 2047 3036 So
2068 2992 2287 3045 Irenaeus,

452 3066 727 3120 Tertullian,
753 3066 1044 3119 Vincentius,
1075 3066 1169 3110 and
1194 3065 1366 3119 others,
1390 3065 1589 3123 pleaded
1621 3064 1932 3124 prescription
1958 3063 2139 3122 against
2164 3062 2288 3107 their

451 3138 761 3192 adversaries,
777 3138 870 3183 and
891 3138 1002 3184 with
1026 3142 1159 3197 great
1179 3138 1437 3195 advantage
1457 3141 1507 3182 to
1528 3136 1611 3182 the
1633 3135 1834 3181 Church.
