2482 4166
880 266 1263 312 PRAELECTIO
1306 264 1565 318 QUINTA.
1866 269 1869 270 ’
2040 260 2141 312 159

313 397 619 472 Obligamur
667 394 802 450 enim
851 396 1048 465 subjici
1097 397 1227 457 Deo,
1275 399 1328 447 et
1372 392 1590 464 proinde
1634 391 1683 445 ei
1738 411 1842 446 non
1884 397 2142 459 resistere,

309 500 468 553 quum
508 480 612 533 sint
659 479 925 548 Subjectio
971 484 1025 531 et
1069 478 1402 531 Resistentict
1448 474 1544 528 sibi
1598 473 1818 528 invicem
1866 477 2142 540 contraria,

308 582 404 617 nec
442 562 603 634 possit
639 562 822 633 aliquis
851 560 1017 614 eidem
1060 577 1296 630 personae
1337 558 1488 611 simul
1534 564 1588 610 et
1631 554 2051 613 ὑποτάσσεσθαι
2091 566 2145 613 et

308 641 762 702 ἀντιτάσσεσθαι.
841 643 940 697 Ast
994 644 1195 712 leyibus
1243 643 1499 694 humanis
1551 640 1652 693 rite
1707 639 1997 694 constitutis
2042 659 2146 694 non

311 729 686 800 obtemperare,
730 733 809 781 est
855 726 1298 796 (interpretative)
1342 726 1460 777 Deo
1504 725 1763 777 resistere.
1870 722 1972 786 Qui
2010 723 2146 776 enim

314 813 515 881 leyibus
559 829 662 863 non
708 811 1048 880 obtemperat,
1089 810 1353 878 potestati
1401 805 1743 878 Magistratus
1791 807 2146 875 Leyislativoe

312 893 542 948 obsistit:
586 892 724 963 quod
770 892 858 962 qui
901 892 1040 954 facit,
1086 909 1243 961 quum
1282 890 1348 943 sit
1386 889 1474 942 illa
1491 899 1736 959 potestas
1774 908 1812 941 a
1845 891 1962 943 Deo
2001 891 2147 942 ordi-

312 987 466 1039 nata,
505 977 616 1029 Dei
654 977 992 1028 ordinationi
1037 991 1093 1027 se
1136 972 1364 1044 opponit,
1408 972 1641 1042 adeoque
1678 977 2049 1041 consequenter
2094 977 2148 1025 et

312 1060 718 1129 interpretative
757 1056 855 1128 ipsi
894 1060 1012 1111 Deo
1030 1076 1050 1118 ;
1094 1056 1233 1126 quod
1279 1062 1358 1108 est
1403 1054 1565 1125 ipsius
1607 1056 1788 1107 Pauli
1832 1053 2146 1125 postulatum

314 1160 446 1195 vers,
481 1143 513 1193 2
557 1140 709 1211 hujus
754 1139 951 1210 capitiS,
991 1158 1056 1193 ex
1101 1156 1201 1208 quo
1241 1138 1471 1210 legitime
1512 1137 1765 1190 concludit
1807 1138 2148 1206 subjectionis

314 1226 678 1278 necessitatem
720 1215 806 1278 διά
851 1218 957 1288 τήν
998 1215 1293 1287 συνείδησιν
1329 1220 1384 1273 111
1422 1220 1520 1273 hoc
1559 1237 1729 1273 versu.

441 1307 646 1358 XXXI.
734 1306 818 1357 Ex
862 1305 944 1357 his
989 1323 1105 1375 quae
1152 1303 1290 1357 dicta
1335 1309 1469 1365 sunt,
1517 1321 1621 1355 non
1663 1301 1762 1355 erit
1800 1301 2001 1356 difficile
2030 1320 2146 1373 quae

316 1406 384 1441 ex
431 1388 651 1442 adverso
706 1387 892 1441 adduci
944 1387 1111 1441 solent
1161 1397 1481 1456 aryumenta
1531 1384 1825 1438 dissolvere.
1915 1386 2149 1448 Quorum

316 1470 538 1541 primum
581 1477 635 1524 et
677 1470 994 1541 praecipuum
1034 1476 1113 1523 est
1149 1468 1276 1522 illud
1305 1468 1442 1538 quod
1478 1486 1510 1520 a
1546 1469 1865 1521 Christiana
1905 1468 2150 1520 libertate

315 1553 542 1624 petitur:
585 1552 666 1605 cui
714 1551 1079 1614 confirmandO,
1138 1550 1385 1621 pleraque
1432 1549 1716 1620 Scripturae
1761 1548 1874 1602 loca
1918 1567 2036 1619 quae
2080 1549 2149 1601 ad

314 1634 646 1688 astruendam
701 1634 842 1687 illam
900 1636 1199 1687 libertatem
1255 1639 1505 1702 spectant,
1560 1649 1750 1702 magna
1799 1650 1913 1683 cum
1960 1649 2151 1701 pompa

314 1717 370 1769 in
415 1716 640 1770 medium
682 1717 987 1779 afferuntur,
1028 1722 1082 1769 et
1125 1714 1435 1786 objectiones
1470 1713 1592 1766 inde
1621 1713 1764 1766 varie
1794 1714 2147 1767 efformantur.

317 1799 576 1870 Scriptum
625 1806 719 1864 est,
763 1798 1015 1869 inquiunt,
1060 1817 1093 1851 a
1127 1798 1330 1860 Paulo,
1379 1799 1409 1848 1
1451 1798 1569 1851 Cor.
1603 1795 1707 1859 vii„
1752 1799 1946 1849 Pretio
1986 1798 2151 1865 empti

315 1884 457 1944 ostie,
487 1883 651 1936 ‘nolite
668 1884 797 1951 fleri
824 1884 967 1935 servi
1004 1883 1316 1940 hominum;
1369 1880 1497 1932 Gal.
1529 1898 1576 1932 v.
1610 1881 1659 1940 1,
1709 1881 1861 1931 State
1895 1881 1955 1931 in
1995 1880 2150 1931 liber-

316 1975 425 2018 tate
453 1969 513 2019 in
542 1984 707 2035 quam
734 1983 825 2018 vos
859 1966 1092 2017 asseruit
1129 1964 1390 2027 Christus,
1439 1981 1532 2015 nec
1578 1980 1770 2013 rursus
1804 1962 1939 2029 juqo
1983 1963 2149 2013 servi-

318 2049 450 2100 tutis
492 2049 893 2118 implicamini;
941 2047 1048 2100 Cot.
1080 2045 1131 2098 ii.
1179 2047 1266 2106 16,
1310 2046 1521 2113 Nequi-s·
1562 2062 1653 2096 vos
1675 2044 1886 2111 judicet
1927 2045 1987 2095 in
2033 2045 2150 2096 cibo

316 2130 402 2183 vel
436 2140 588 2199 potu,
639 2136 734 2181 etc.
780 2128 861 2180 his
905 2127 1101 2180 similia.
1193 2126 1477 2196 Disputant
1518 2125 1674 2178 etiam
1715 2144 1818 2178 non
1856 2143 1966 2177 esse
2016 2124 2150 2179 veri-

319 2210 498 2273 simile,
546 2210 809 2263 Christum
837 2209 912 2262 ita
938 2227 1032 2261 nos
1062 2209 1268 2261 demum
1303 2208 1547 2261 liberasse
1576 2226 1609 2260 a
1633 2207 1734 2260 Dei
1762 2207 1920 2278 ipsius
1948 2209 2151 2277 leyibus

310 2295 580 2363 positivis,
609 2310 724 2364 quae
754 2292 965 2344 fuerunt
993 2298 1134 2344 certe
1168 2290 1478 2362 justissimae,
1516 2297 1575 2344 ut
1616 2296 1792 2344 tamen
1820 2308 1913 2344 nos
1941 2292 2151 2360 Lequm

318 2378 687 2428 humanarum
717 2374 918 2428 vinculo
948 2373 1217 2427 obstrictos
1246 2373 1578 2443 relinqueret.

444 2459 680 2510 XXXII.
759 2457 844 2510 Ad
872 2456 1073 2529 singula
1100 2456 1213 2509 loca
1239 2456 1539 2526 respondeo,
1621 2455 1727 2508 Sed
1756 2472 1847 2509 vos
1875 2462 1997 2509 ante
2019 2473 2151 2526 prae-

317 2539 536 2593 monitos
564 2540 732 2604 velim,
766 2558 923 2611 quum
952 2539 1054 2592 sint
1092 2538 1254 2592 multa
1288 2540 1616 2592 Christianae
1657 2539 1925 2591 libertatis
1963 2538 2149 2609 capita,

317 2623 601 2677 cavendum
644 2641 755 2676 esse
798 2622 1073 2695 diligenter
1114 2639 1181 2674 ne
1226 2638 1288 2673 ea
1332 2627 1528 2673 temere
1575 2621 1971 2683 confundantur,
2019 2639 2152 2674 neve

318 2705 408 2760 illa
455 2707 756 2776 Scripturae
811 2705 924 2758 loca
962 2723 1078 2775 (11136
1120 2703 1189 2757 ad
1230 2722 1389 2756 unum
1428 2703 1635 2774 aliquod
1680 2705 1949 2757 libertatis
1987 2722 2153 2772 yenus

320 2895 484 2948 which,
514 2895 557 2939 if
580 2910 649 2939 we
681 2897 741 2941 do
772 2902 871 2950 not,
905 2911 974 2941 we
1005 2898 1141 2942 resist
1165 2897 1247 2941 the
1286 2897 1537 2941 ordinance
1563 2894 1617 2939 of
1649 2893 1769 2938 God.
1829 2892 1924 2935 But
1957 2893 2011 2936 St
2032 2893 2153 2936 Paul

320 2981 437 3025 says,
463 2981 505 3011 v.
527 2972 569 3019 2,
600 2967 655 3011 of
680 2968 772 3013 this
799 2969 945 3027 Chap.
965 2984 1036 3014 xv.
1062 2974 1111 3013 to
1132 2969 1215 3013 the
1239 2969 1461 3020 Romans,
1491 2966 1815 3009 “Whosoever
1833 2964 2051 3006 resisteth
2070 2964 2153 3007 the

320 3051 477 3095 power
500 3038 716 3083 resisteth
746 3039 828 3084 the
853 3040 1104 3084 ordinance
1131 3040 1185 3084 of
1207 3040 1356 3084 God.''
1419 3037 1674 3082 Therefore
1699 3049 1767 3079 we
1792 3048 1871 3077 are
1898 3034 2083 3091 obliged
2102 3035 2154 3079 in

324 3109 606 3152 Conscience
630 3115 714 3153 not
734 3115 784 3154 to
804 3112 953 3163 resist,
978 3111 1065 3155 but
1089 3116 1138 3155 to
1161 3111 1294 3168 obey,
1318 3110 1400 3154 the
1421 3122 1600 3167 powers
1620 3107 1724 3151 that
1748 3106 1823 3149 be.

417 3183 486 3222 31.
550 3178 769 3237 Objection
788 3181 941 3224 First:
970 3181 1095 3224 from
1114 3194 1329 3238 passages
1351 3181 1405 3223 of
1427 3181 1666 3236 Scripture
1692 3175 1973 3233 concerning
1999 3175 2155 3222 Chris-

324 3250 425 3292 tian
443 3247 629 3304 liberty,
656 3253 678 3291 1
704 3249 808 3293 Cor.
832 3251 907 3293 vii.
932 3255 1017 3302 233
1056 3251 1157 3294 Gal.
1180 3265 1223 3295 v.
1250 3256 1302 3302 1;
1342 3251 1440 3294 Col.
1464 3251 1509 3293 ii.
1537 3252 1604 3293 16.

412 3323 483 3362 32.
547 3317 633 3362 We
669 3333 846 3363 answer
863 3320 1001 3371 First,
1027 3321 1077 3364 in
1105 3321 1308 3377 general,
1328 3320 1432 3363 that
1457 3320 1591 3364 there
1622 3331 1703 3361 are
1732 3317 1908 3361 several
1941 3315 2079 3362 kinds
2105 3316 2163 3364 of

326 3389 562 3434 Christian
597 3389 781 3448 liberty,
813 3391 907 3433 and
937 3404 1005 3435 we
1038 3395 1164 3434 must
1201 3392 1312 3434 take
1349 3404 1456 3434 care
1485 3390 1590 3433 that
1624 3402 1693 3431 we
1729 3387 1790 3430 do
1822 3391 1907 3430 not
1938 3389 2080 3447 apply
2103 3395 2155 3435 to

325 3475 415 3505 one
433 3460 548 3503 kind
575 3460 698 3505 what
717 3462 755 3506 is
777 3462 876 3506 said
897 3461 951 3505 of
969 3461 1178 3505 another.
1237 3461 1300 3506 As
1321 3465 1370 3505 to
1392 3460 1474 3504 the
1494 3459 1749 3518 particular
1768 3472 2009 3516 passages:

419 3530 481 3585 1⁰,
507 3537 530 3575 1
551 3532 654 3576 Cor.
672 3533 749 3578 vii.
776 3538 846 3587 23,
878 3532 988 3577 “Ye
1014 3546 1093 3577 are
1113 3532 1293 3590 bought
1312 3532 1425 3576 with
1448 3546 1477 3575 a
1495 3532 1649 3591 price3
1668 3530 1729 3574 be
1748 3533 1833 3573 not
1852 3543 1910 3588 ye
1930 3529 2012 3575 the
2033 3544 2156 3576 serv-

325 3607 430 3648 ants
451 3603 506 3647 of
523 3603 680 3649 men.'’
1845 3615 1849 3618 “

417 3673 530 3720 Ans.
588 3677 660 3734 By
684 3676 765 3720 the
804 3680 1005 3729 context,
1026 3691 1093 3721 we
1123 3690 1200 3721 see
1224 3675 1328 3720 that
1351 3675 1443 3720 this
1468 3687 1641 3726 means,
1671 3673 1761 3717 Let
1786 3671 1901 3716 each
1923 3672 2157 3718 Christian

325 3759 378 3791 as
407 3750 458 3791 to
487 3746 560 3792 his
590 3748 733 3793 social
767 3748 972 3807 position
1009 3748 1068 3792 be
1097 3762 1125 3793 a
1163 3748 1402 3793 bondman
1435 3761 1489 3792 or
1525 3761 1554 3791 a
1591 3746 1816 3797 freeman,
1848 3758 1898 3790 as
1932 3745 2038 3790 God
2071 3745 2156 3791 has
