2482 4166
812 241 1196 289 PRAELEOTIO
1239 244 1507 289 OCTAVA.
1979 237 2085 293 247

249 371 517 445 disputari,
569 387 787 443 quaeque
830 370 997 443 magis
1037 370 1107 424 ad
1141 372 1336 440 forum
1382 379 1657 423 externum
1694 375 1749 422 et
1788 368 2082 442 litigiosum,

249 456 424 525 (idque
452 454 564 507 fere
589 473 655 507 ex
683 454 803 525 jure
838 455 1112 509 Canonico
1148 463 1199 506 et
1235 453 1545 520 Pontificio,
1583 451 1722 520 quod
1763 459 1943 505 nostra
1980 472 2085 506 non

246 538 463 590 multum
492 537 748 605 interest,)
783 554 937 606 quam
966 535 1035 588 ad
1047 537 1244 605 forum
1280 535 1626 589 Conscientiae
1660 536 1931 586 internum
1969 552 2086 604 per-

247 619 444 673 tinent:
491 618 720 672 contenti
757 618 947 670 erimus
983 635 1148 688 pauca
1176 617 1414 687 quaedam
1444 622 1497 669 et
1525 615 1787 686 praecipua
1815 615 2083 678 delibasse,

247 719 364 771 quae
386 701 597 772 propius
620 704 696 754 ad
712 703 1044 754 conscientiae
1066 702 1301 770 reyimen
1323 698 1608 751 conducere
1626 697 1930 768 judicamus,
1987 698 2086 750 Oc-

248 783 411 836 currit
439 784 491 835 in
520 785 617 836 hoc
647 802 840 856 genere
882 785 1118 835 DUBIUM
1162 799 1400 843 PRIMUM,
1441 799 1510 833 an
1547 780 1615 833 ad
1647 782 1777 849 le9is
1808 779 2085 832 essentiam

247 866 419 936 aliquo
457 867 609 919 modo
640 866 899 936 pertineat
934 885 1109 936 poenae
1152 866 1474 918 constitutiO.
1562 862 1888 933 RespondeO,
1920 861 2088 915 videri

246 948 526 1018 pertinere.
602 949 656 1001 N
658 966 724 1000 on
762 948 970 1017 quidem
1008 954 1068 1000 ut
1106 946 1300 1016 aliquid
1343 947 1630 999 intrinsece
1671 944 1975 1015 requisitum
2016 944 2086 997 ad

247 1029 601 1100 complendam
653 1032 783 1099 leyis
831 1031 1130 1092 essentiam,
1178 1029 1254 1081 ita
1300 1035 1359 1081 ut
1404 1029 1485 1081 lex
1519 1027 1615 1080 nisi
1653 1027 1891 1097 apposita
1931 1044 2084 1097 poena

246 1129 350 1164 non
388 1119 523 1165 esset
554 1114 635 1166 Zeoe
655 1132 672 1165 .·
715 1112 807 1165 sed
846 1114 1170 1166 consecutive
1197 1118 1388 1173 tamen,
1433 1117 1494 1163 ut
1521 1110 1715 1180 aliquid
1743 1110 2088 1162 necessarium

246 1195 315 1246 ad
359 1195 458 1246 hoc
504 1202 563 1248 ut
622 1197 703 1248 Zeec
749 1195 904 1247 finem
947 1213 1100 1264 quem
1145 1193 1366 1246 intendit
1409 1192 1681 1246 efficaciter
1721 1199 2080 1262 consequatur.

247 1279 478 1329 0F0rma
507 1277 642 1329 enim
672 1284 725 1330 et
754 1279 984 1331 essentia
1021 1279 1150 1346 leyis
1178 1276 1232 1328 in
1251 1277 1612 1347 praeceptione
1643 1274 1874 1328 consistit
1911 1276 2084 1342 (Proe-

247 1361 538 1428 ceptionem
585 1359 669 1412 hic
721 1359 994 1432 intelligite
1037 1359 1193 1412 latius
1241 1366 1515 1429 sumptam,
1568 1363 1628 1410 ut
1662 1359 2086 1427 prohibitionem

247 1441 399 1494 simul
427 1442 827 1512 complectatur:
866 1442 1121 1512 quomodo
1149 1441 1204 1493 in
1236 1439 1516 1511 Scripturis
1544 1439 1706 1510 accipi
1734 1439 1905 1492 solunt
1933 1456 2085 1491 voces

246 1532 389 1580 mm
443 1530 496 1576 et
548 1520 768 1590 ἐντολή,
828 1531 881 1577 et
950 1525 1233 1592 Theoloqis
1289 1521 1626 1575 communiter
1675 1528 1783 1574 tam
1828 1522 2086 1590 neyativa

247 1607 516 1658 mandata
553 1623 706 1674 quam
742 1608 1089 1675 affirmativa,
1120 1608 1414 1674 Praecepta
1444 1604 1684 1656 dicuntur
1704 1604 1741 1671 ς)
1786 1609 1840 1655 et
1877 1604 1944 1654 ab
1985 1603 2083 1654 hac

238 1688 598 1756 proeceptione
647 1687 757 1739 sola
801 1688 995 1757 pendet
1031 1694 1252 1756 utraque
1293 1686 1382 1737 illa
1424 1688 1523 1746 vis,
1570 1702 1725 1754 quam
1774 1686 1879 1754 le9i
1919 1684 2085 1737 inesse

247 1767 485 1830 diximuS,
516 1771 793 1838 diriyendi
822 1768 1014 1821 scilicet
1043 1770 1296 1834 actiones,
1335 1774 1389 1819 et
1418 1769 1704 1836 obliyandi
1731 1769 2087 1820 conscientias

246 1850 584 1905 subditorum.
646 1852 824 1904 Habet
852 1851 987 1903 enim
1016 1850 1249 1904 subditus
1274 1849 1605 1903 sufficientem
1633 1868 1881 1902 normam
1910 1868 2087 1902 secun-

246 1931 369 1984 dum
412 1951 567 2002 quam
609 1936 846 2003 diriyere
886 1934 1043 1986 debet
1081 1932 1307 1985 actiones
1348 1950 1481 1994 suaS,
1529 1938 1583 1984 et
1625 1932 1693 1984 ad
1732 1932 1876 2001 cujus
1914 1932 2089 1984 obser-

247 2014 521 2078 vationem,
574 2016 671 2068 nisi
717 2016 844 2069 velit
894 2015 1054 2067 officio
1112 2033 1204 2067 suo
1262 2015 1457 2076 deesse,
1503 2013 1810 2085 astringitur
1867 2013 1921 2065 in
1969 2032 2088 2067 con-

245 2098 491 2158 scientia,
543 2098 753 2150 simulac
796 2097 1028 2149 rescierit
1076 2096 1364 2168 legitimum
1421 2096 1739 2165 superiorem
1785 2113 1949 2157 suum,
1990 2096 2089 2148 hoc

248 2177 332 2230 vel
374 2178 500 2231 illud
548 2181 656 2249 leye
696 2182 1032 2249 proecepisse,
1085 2179 1193 2232 sive
1240 2178 1307 2231 sit
1348 2178 1422 2230 illi
1474 2180 1580 2247 le9i
1624 2177 1861 2249 apposita
1916 2177 2090 2248 aliqua

240 2278 421 2330 poena,
467 2260 574 2313 sive
616 2280 736 2316 non.
816 2263 937 2314 Non
981 2279 1109 2333 ergo
1139 2279 1205 2313 ex
1241 2268 1432 2313 natura
1469 2260 1627 2330 ipsius
1673 2262 1819 2330 leyis,
1872 2278 1989 2331 quae
2034 2260 2088 2313 in

247 2359 392 2394 mera
424 2346 785 2414 proeceptione
831 2343 1075 2406 consistit,
1123 2342 1333 2414 exurgit
1382 2344 1493 2395 haec
1529 2361 1749 2413 poenam
1794 2342 2088 2413 apponendi

247 2424 558 2478 necessitas:
599 2426 705 2487 sed,
748 2427 828 2494 (ut
859 2427 989 2494 le9is
1007 2427 1303 2494 proeceptio
1332 2443 1449 2494 quae
1477 2426 1618 2476 nuda
1647 2443 1751 2477 non
1779 2418 2084 2486 {sufficeren

248 2522 395 2558 suum
438 2524 552 2557 cum
596 2506 777 2577 vigore
822 2507 1068 2559 sortiatur
1108 2509 1385 2575 effectum,)
1430 2524 1497 2558 ex
1540 2507 1732 2576 duplici
1777 2507 1881 2559 alia
1924 2508 2088 2576 hypo-

250 2588 385 2640 thesi
402 2610 421 2648 ,·
468 2589 690 2656 subjecti
726 2607 926 2659 nempe,
958 2596 1011 2640 et
1027 2590 1175 2656 finis.
1260 2588 1490 2657 Expedit
1519 2588 1654 2639 enim
1685 2595 1744 2641 ut
1771 2588 1914 2659 leges
1944 2606 2088 2640 sanc-

247 2667 440 2721 tissime
484 2670 840 2732 observentur,
886 2688 1002 2740 quae
1039 2676 1117 2722 est
1157 2671 1462 2739 hypothesis
1491 2687 1554 2722 ex
1572 2681 1740 2739 parte
1757 2672 1928 2738 finis:
1971 2688 2090 2740 sup-

247 2750 415 2820 posita
436 2757 608 2804 tamen
636 2751 847 2804 humani
885 2751 1053 2804 cordis
1093 2750 1273 2804 innata
1308 2750 1573 2822 pravitate
1618 2753 1756 2821 (quae
1802 2759 1883 2805 est
1921 2751 2090 2805 altera

296 2941 314 2962 c
342 2934 464 2984 [conf.
486 2947 607 2984 supra
622 2935 742 2974 Prael.
759 2946 819 2973 v1.
844 2935 952 2973 Sect.
966 2934 1050 2984 21.]
1207 2936 1353 2974 ultione
1362 2936 1608 2984 prohibetur.
1633 2935 1855 2972 Tertullian
1872 2934 1961 2972 adv.
1975 2935 2086 2972 Mar-

295 2996 315 3023 ἃ
347 2996 483 3034 Tacite
518 2997 755 3046 permissum
792 3001 848 3034 est
889 2997 996 3045 quod
1041 2997 1125 3035 sine
1208 2999 1313 3038 cion.
1336 2999 1427 3036 Lib.
1447 3010 1476 3036 1.
1497 3010 1585 3046 cap.
1605 2998 1668 3036 26.

341 3130 413 3169 10.
471 3126 559 3169 We
578 3130 704 3170 must
722 3140 827 3170 now
850 3126 994 3183 speak
1013 3126 1068 3170 of
1087 3127 1236 3171 Penal
1255 3128 1392 3171 Law:
1433 3127 1588 3171 where
1619 3140 1688 3170 we
1723 3125 1843 3170 have
1875 3130 1926 3171 to
1959 3130 2084 3171 treat

250 3199 334 3239 not
354 3209 405 3238 so
425 3195 565 3237 much
584 3196 697 3238 with
716 3196 957 3239 reference
981 3202 1031 3240 to
1057 3198 1266 3240 external
1285 3199 1410 3250 Law,
1435 3212 1485 3241 as
1506 3203 1559 3241 to
1582 3197 1879 3241 Conscience.

340 3265 441 3308 The
461 3265 602 3308 FIRs'r
623 3266 790 3309 Donum
810 3267 863 3318 is,
882 3267 1111 3311 Whether
1140 3267 1221 3311 the
1242 3269 1443 3326 Penalty
1474 3268 1667 3325 belongs
1701 3268 1753 3311 in
1784 3282 1877 3326 any
1906 3281 2008 3327 way
2031 3272 2082 3312 to

249 3335 331 3380 the
350 3349 537 3379 essence
558 3336 613 3379 of
631 3335 712 3379 the
731 3336 856 3380 Law.

339 3407 427 3450 We
447 3420 528 3463 say
547 3405 652 3449 that
675 3406 713 3449 it
733 3407 771 3450 is
792 3412 875 3451 not
896 3421 924 3450 a
943 3412 1051 3464 part
1071 3408 1126 3452 of
1144 3408 1226 3453 the
1247 3423 1435 3453 essence
1455 3409 1511 3453 of
1529 3408 1611 3452 the
1635 3409 1760 3459 Law,
1780 3408 1868 3453 but
1887 3409 2083 3467 belongs

251 3481 301 3521 to
332 3476 414 3520 the
444 3491 631 3520 essence
656 3477 719 3534 by
745 3491 1076 3535 consequence,
1101 3493 1151 3523 as
1176 3480 1441 3537 something
1470 3494 1715 3538 necessary
1738 3480 1789 3522 in
1813 3481 1953 3524 order
1975 3481 2081 3525 that

250 3547 333 3592 the
354 3548 465 3590 Law
485 3562 593 3605 may
618 3548 777 3591 obtain
802 3549 861 3592 its
887 3549 992 3593 end.

343 3618 445 3662 The
478 3632 665 3663 65561166
691 3619 746 3663 of
770 3619 852 3664 the
882 3621 993 3663 Law
1016 3621 1054 3665 is
1085 3621 1346 3665 command.
1411 3622 1553 3666 From
1590 3622 1683 3667 this
1708 3622 1813 3666 flow
1838 3622 1898 3667 its
1924 3636 2082 3681 power

250 3688 367 3733 both
392 3689 446 3733 of
464 3689 694 3748 directing
718 3691 897 3736 actions
928 3692 1022 3736 and
1047 3692 1102 3737 of
1122 3693 1328 3751 obliging
1348 3694 1653 3739 consciences.
1718 3693 1977 3739 Therefore
2002 3693 2084 3738 the
