2482 4166
786 298 1169 344 PRAELEOTIO
1212 298 1481 343 OCTAVA.
1950 296 2055 349 257

219 433 315 485 bus
361 431 498 484 inter
542 446 653 483 sese
696 431 1070 499 paciscuntur,
1111 426 1274 481 multa
1312 426 1467 480 etiam
1505 427 1801 497 pecuniaria
1843 434 2055 485 nomine

210 532 384 584 poenoe
418 512 479 565 iis
508 511 798 574 constituta,
830 510 919 581 qui
961 510 1033 564 sic
1074 510 1203 563 inita
1242 519 1421 579 pacta
1457 508 1782 563 violaverint.
1874 512 2054 582 Cujus-

218 594 358 648 modi
386 596 764 655 conventiones,
804 592 1121 646 nostratibus
1163 590 1436 645 vernaculo
1465 609 1700 644 sermone
1728 590 2055 663 ἱβῃέὶἱᾶῇαῇ,

220 677 475 739 dicuntur,
507 677 604 729 hoc
633 682 725 741 est,
757 677 1072 729 Incolarum
1102 676 1237 744 leyes
1258 695 1276 727 .·
1319 668 1463 743 (¹³32
1495 673 1685 726 etenim
1722 674 1890 745 prisca
1926 676 2055 729 Sax-

221 777 374 812 onum
418 758 596 831 lingua
637 759 1025 811 habitationem
1068 756 1359 830 significare
1395 761 1579 809 notant
1615 755 1939 827 Antiquariae
1976 757 2056 810 rei

220 840 492 912 peritiores
518 840 616 895 viri
646 840 782 893 docti
801 842 835 910 z)
878 858 972 893 nos
1011 858 1126 893 cum
1162 838 1289 901 aliis„
1331 837 1547 892 docendi
1575 855 1744 902 causa,
1778 841 1908 910 le9is
1937 858 2056 893 con-

220 924 546 977 ventionales
575 922 816 977 dicemus,
902 921 1017 975 Etsi
1046 921 1179 975 enim
1199 931 1377 991 pacta
1408 920 1511 973 sint
1547 920 1726 984 solum,
1757 928 1810 975 et
1839 941 2057 977 conven-

223 1007 389 1058 tiones
416 1004 553 1058 inter
581 1004 810 1075 privatas
851 1021 1114 1074 personaS,
1159 1009 1213 1056 et
1250 1021 1354 1056 non
1384 1005 1518 1073 leyes
1545 1002 1815 1074 (siquidem
1845 1004 2058 1075 proprie

221 1086 361 1156 loqui
407 1086 643 1156 velimus)
674 1087 739 1139 ob
769 1085 1024 1139 defectum
1054 1085 1272 1157 publicae
1315 1084 1667 1150 auctoritatis3
1717 1088 1850 1156 leyes
1883 1093 2058 1140 tamen

222 1168 322 1221 dici
350 1168 516 1222 solent
544 1175 759 1239 propter
788 1165 1100 1241 ἀναλογίαν
1129 1167 1268 1221 illam
1298 1185 1453 1238 quam
1482 1168 1679 1222 habent
1706 1187 1820 1221 cum
1846 1168 2058 1240 proprie

223 1248 371 1303 dictis
399 1250 613 1322 legibuS,
645 1257 893 1320 quantum
921 1251 990 1304 ad
1033 1250 1162 1303 duos
1203 1250 1316 1303 illos
1344 1268 1481 1320 saepe
1511 1249 1674 1303 dictos
1705 1253 1878 1321 le9um
1907 1254 2055 1320 effec-

224 1343 324 1397 tus,
371 1335 648 1402 diriyendi
690 1332 879 1385 scilicet
922 1339 976 1385 et
1025 1334 1321 1402 obliyandi.
1401 1332 1538 1384 Nam
1582 1331 1712 1386 sicut
1760 1335 1893 1404 leyes
1937 1334 2056 1387 sub-

224 1414 388 1477 ditos3
434 1414 505 1468 sic
548 1414 661 1468 istae
701 1417 1063 1468 conventiones
1098 1432 1344 1485 personas
1386 1414 1774 1478 eonsentienteS,
1818 1422 1872 1469 et
1918 1417 2057 1469 diri-

220 1507 355 1566 9unt
384 1496 437 1548 in
465 1497 684 1569 agendO,
726 1504 780 1550 et
818 1499 1062 1566 obliyant
1089 1497 1158 1549 ad
1187 1496 1418 1549 officium.
1509 1497 1723 1550 Certum
1764 1504 1844 1550 est
1882 1504 2058 1550 autem

222 1579 275 1630 in
300 1578 585 1632 istiusmodi
614 1581 1058 1641 conventionibus,
1089 1596 1336 1649 personas
1366 1578 1730 1631 contrahentes
1759 1597 1863 1632 non
1891 1578 2058 1632 inten-

223 1660 358 1714 disse
386 1678 442 1714 se
470 1667 646 1714 mutuo
676 1660 906 1732 obligare
950 1664 1027 1714 ad
1070 1663 1303 1731 culpam,
1347 1660 1439 1713 sed
1479 1662 1556 1712 ad
1583 1679 1806 1730 poenam
1838 1667 2060 1724 tantum,

224 1742 445 1813 exempli
473 1742 661 1814 gratia,
695 1750 726 1772 “
746 1745 1110 1796 Paciscuntur
1146 1745 1288 1796 inter
1321 1760 1374 1796 se
1402 1744 1592 1795 incolae
1629 1744 1864 1812 alicujus
1897 1745 2058 1806 villae,

223 1826 462 1895 sinyulos
493 1836 687 1895 patres
713 1827 981 1894 familias
1016 1844 1188 1879 mense
1225 1826 1387 1878 Maio
1417 1828 1707 1894 quotannis
1738 1828 2060 1878 triduanam

225 1926 444 1976 operam
486 1910 786 1975 reficiendis
828 1910 935 1961 viis
967 1909 1209 1979 publicis
1251 1909 1614 1977 personaliter
1672 1909 2025 1961 collocaturos
2044 1927 2061 1962 .·

226 1991 321 2059 qui
347 2009 452 2042 non
469 1992 703 2059 fecerint
744 1991 1111 2061 (supponamus
1155 1997 1329 2042 autem
1369 1988 1597 2060 singulas
1636 1988 1846 2042 diurnas
1876 2007 2061 2061 operas

226 2071 402 2124 decem
432 2071 655 2125 denariis
685 2071 947 2140 aestimari)
977 2073 1176 2141 viyinti
1195 2073 1543 2124 denariorum
1572 2072 1748 2124 multa
1778 2072 2060 2125 luituros.”

226 2154 342 2205 Hac
373 2155 480 2222 le9e
507 2155 899 2207 conventionali
927 2160 1123 2206 certum
1154 2159 1232 2205 est
1264 2170 1513 2223 personas
1543 2153 1906 2206 contrahentes
1933 2153 2062 2207 illud

226 2234 475 2304 imprimis
516 2238 820 2297 intendisse,
868 2242 928 2288 ut
966 2237 1068 2287 vice
1113 2237 1347 2303 publicae
1391 2234 1663 2305 quotannis
1707 2235 2060 2298 reficerentur,

228 2316 350 2386 quin
395 2324 448 2369 et
493 2316 620 2369 illud
665 2316 874 2386 insuper
922 2316 1159 2379 voluisse,
1200 2324 1259 2370 ut
1297 2316 1647 2388 unusquisque
1689 2317 2063 2388 paterfamilias

219 2400 556 2467 personalem
607 2417 826 2469 operam
874 2398 928 2450 in
984 2417 1095 2451 rem
1151 2405 1260 2452 tam
1316 2399 1493 2452 utilem
1541 2399 1867 2453 conferrent:
1910 2400 2064 2453 aliter

228 2479 363 2532 enim
394 2480 536 2551 dupli
569 2481 782 2534 multam
826 2498 970 2534 secus
999 2480 1302 2534 facientibus
1340 2499 1444 2534 non
1482 2481 1879 2536 constituissent.
1967 2482 2065 2536 Ce-

228 2568 397 2614 terum
441 2580 545 2615 non
588 2562 755 2615 minus
794 2580 859 2616 ex
898 2562 1066 2616 altera
1102 2570 1254 2634 parte
1283 2570 1481 2617 certum
1511 2570 1604 2626 est,
1647 2582 1734 2617 eos
1762 2582 1865 2617 non
1894 2566 2065 2618 inten-

230 2646 371 2697 disse
397 2662 452 2697 se
478 2651 655 2698 mutuo
684 2644 899 2698 ulterius
928 2647 1169 2715 obliyare
1195 2663 1349 2717 quam
1378 2646 1447 2699 ad
1475 2647 1705 2699 multam
1733 2646 2063 2709 solvendam3

229 2725 273 2778 si
302 2725 382 2778 cui
410 2726 638 2797 ipsorum
670 2733 762 2781 aut
788 2744 882 2797 per
910 2727 1012 2780 alia
1038 2727 1249 2799 negotia
1277 2745 1380 2781 non
1413 2728 1611 2790 liceret,
1642 2735 1734 2781 aut
1762 2746 2067 2799 quacunque

230 2807 331 2860 alia
361 2809 426 2861 de
456 2826 608 2862 causa
636 2827 739 2862 non
776 2808 977 2872 liberet,
1003 2811 1343 2879 personalem
1372 2828 1518 2863 suam
1547 2830 1766 2881 operam
1793 2818 2065 2881 praestare.

233 2889 316 2941 Sic
345 2888 398 2941 in
433 2908 492 2943 re
531 2890 920 2944 testamentaria
959 2892 1103 2959 (nam
1142 2898 1195 2944 et
1236 2895 1689 2946 mTestamentum
1733 2893 1898 2946 instar
1937 2895 2068 2961 leyis

231 2977 324 3033 est,
347 2978 673 3025 executorem
703 2980 756 3026 et
786 2976 812 3000 ¹¹
826 2972 1106 3044 legatorios
1134 2975 1418 3043 diriyendo
1440 2974 1637 3044 pariter
1667 2981 1720 3026 et
1749 2976 2063 3043 obliyando)

233 3060 264 3081 “
293 3055 465 3106 Caius
508 3056 624 3107 vult
667 3066 728 3107 ut
780 3057 922 3109 Gaia
965 3073 1102 3107 uxor
1145 3058 1326 3124 quoad
1364 3058 1536 3108 vidua
1574 3058 1893 3109 remanserit
1930 3057 2069 3108 cedes

232 3153 352 3186 cum
380 3137 566 3203 fundo
611 3139 788 3189 vicino
835 3155 974 3205 quas
1018 3154 1056 3187 a
1120 3138 1270 3189 Titio
1318 3138 1446 3189 emit
1496 3139 1727 3189 retineat
1745 3156 1764 3197 ,·
1804 3139 1855 3190 si
1906 3138 2069 3189 alteri

231 3218 490 3283 nupserit,
520 3234 613 3268 eas
641 3218 914 3269 amittat.''
997 3216 1212 3268 Constat
1254 3217 1310 3269 id
1349 3216 1571 3270 voluisse
1609 3219 1819 3280 Caium,
1850 3224 1909 3275 ut
1937 3236 2070 3270 uxor

233 3295 389 3348 vidua
417 3303 725 3359 remaneret,
767 3314 862 3349 nec
898 3295 1051 3349 alteri
1088 3298 1326 3361 nuberet,
1371 3316 1435 3351 ea
1474 3299 1609 3351 enim
1637 3299 1921 3352 intentione
1951 3318 2071 3353 con-

233 3379 491 3430 ditionem
540 3377 681 3430 illam
737 3377 991 3449 apposuit,
1040 3384 1101 3431 ut
1152 3397 1369 3431 uxorem
1422 3380 1556 3433 tanti
1608 3382 1801 3434 damni
1850 3391 1993 3434 metu
2038 3399 2071 3434 a

286 3558 296 3585 ¹
324 3559 516 3597 Camden.
545 3559 586 3594 in
620 3559 817 3598 Britanni.
856 3560 995 3609 [Tem.
1013 3572 1045 3598 1.
1069 3573 1109 3609 p.
1243 3568 1262 3588 ¹¹
1288 3561 1479 3611 Leqatum
1496 3565 1564 3606 est,
1582 3561 1689 3610 quod
1705 3562 1801 3611 legis
1819 3563 1930 3600 modo
1951 3567 2071 3602 testa-

235 3634 294 3658 ex.
315 3621 378 3657 ed.
398 3620 579 3668 Gough.]
1192 3628 1315 3662 mento
1340 3625 1589 3673 relinquitur.
1640 3625 1800 3674 Ulpian.
1824 3626 1957 3664 Instit.
1987 3639 2073 3676 cap.

287 3690 315 3708 ¹¹¹
343 3682 517 3730 Imperia
559 3687 812 3721 mortuorum.
879 3684 1017 3723 Senec.
1047 3695 1115 3723 111.
1194 3685 1257 3725 26.

239 3744 428 3781 Controv.
446 3745 482 3783 9.

413 3850 624 3924 [mn]
