2482 4166
864 253 1095 299 PRAELE
1102 254 1246 298 OTIO
1287 254 1508 299 PRIMA.
2039 252 2064 300 1
2079 251 2103 300 l

269 386 438 442 sionis
465 381 708 455 praecise:
743 379 998 452 quomodo
1026 379 1138 433 fere
1173 379 1421 449 accipitur
1449 380 1517 433 ab
1548 381 1835 435 Aristotele
1862 384 1924 435 in
1951 386 2105 437 Ana-

218 472 249 513 2
273 468 468 537 lyticis,
519 471 573 518 et
621 463 746 517 alibi
791 462 997 533 passim.
1085 463 1343 524 Secundo,
1402 479 1498 532 pro
1549 461 1840 533 cognitione
1890 466 2106 519 Princi-

261 550 499 620 piorum,
551 564 616 599 ex
666 544 852 615 quibus
897 544 1316 616 demonstrantur
1361 542 1742 597 conclusiones:
1798 551 1858 598 ut
1904 544 1947 597 si
1990 546 2107 615 quis

269 630 408 683 dicat
457 646 513 681 se
557 629 710 690 scire,
760 630 925 680 Omne
965 634 1132 679 totum
1167 644 1274 679 esse
1311 626 1490 693 majus
1529 627 1770 694 qualibet
1803 629 1892 680 sui
1920 638 2104 697 parte.

218 715 249 757 3
283 712 483 772 Tertio,
530 727 626 780 pro
681 707 973 779 cognitione
1026 706 1185 759 totius
1241 708 1559 775 Sylloqismi
1582 727 1600 758 .·
1656 725 1777 759 nam
1823 707 1912 778 qui
1961 709 2107 762 novit

269 791 561 863 praemissas
610 797 663 843 et
716 789 1103 850 conclusionem,
1163 788 1309 841 novit
1366 795 1530 840 totam
1585 789 2103 860 argumentationem.

220 880 251 921 4·
280 876 506 939 Quarto,
541 890 637 943 pro
667 877 958 942 aggregata
985 872 1188 922 notitia
1215 870 1514 922 multarum
1556 872 1968 934 conclusionum,
1999 872 2108 925 sive

272 953 765 1008 demonstrationum
809 952 879 1004 ad
923 970 1083 1003 unum
1124 951 1333 1020 aliquod
1377 950 1661 1020 subjectum
1704 953 2107 1022 pertinentium:

273 1055 374 1107 quo
402 1036 553 1088 modo
584 1034 799 1088 dicimur
827 1035 965 1087 scire
993 1035 1302 1102 Physicam,
1345 1035 1719 1096 Geometriam,
1750 1037 2107 1098 Medicinam,

274 1123 369 1184 <Sc
456 1117 687 1188 Idipsum
737 1122 791 1169 et
840 1115 905 1168 de
954 1117 1305 1168 Conscientiae
1360 1114 1565 1167 nomine
1621 1115 1924 1180 dicendum3
1967 1117 2110 1188 cujus

274 1200 559 1253 discursum
602 1198 749 1252 unico
797 1199 1118 1266 Sylloyismo
1150 1198 1403 1265 practico
1432 1197 1679 1249 authores
1712 1198 1946 1269 plerique
1975 1217 2111 1251 com-

273 1281 617 1353 prehendunt.
708 1280 814 1333 Sed
852 1297 967 1331 cum
1004 1278 1071 1331 sit
1116 1280 1470 1341 Conscientia,
1515 1285 1575 1330 ut
1617 1279 1809 1332 dictum
1848 1287 1942 1343 est,
1988 1300 2111 1334 con-

263 1365 462 1432 juncta
502 1365 732 1416 scientia
750 1382 771 1423 ,·
810 1368 869 1414 ut
910 1367 1077 1414 totum
1114 1360 1243 1412 illud
1284 1359 1423 1429 quod
1463 1360 1558 1412 sub
1592 1360 1691 1413 hoc
1731 1361 1937 1415 nomine
1966 1362 2111 1415 venit

274 1444 490 1516 pleniuS,
531 1451 585 1497 et
635 1443 781 1513 quasi
822 1460 923 1495 uno
965 1441 1155 1494 intuitu
1204 1440 1560 1511 perspiciatur,
1605 1441 1903 1494 universum
1950 1461 2110 1514 nego-

274 1526 404 1578 tium
447 1526 526 1592 (ut
561 1524 688 1577 mihi
726 1524 908 1577 saltem
938 1522 1167 1591 videtur)
1207 1521 1518 1574 commodius
1561 1522 1882 1592 expedietur,
1927 1523 1970 1576 si
2010 1524 2112 1577 dis-

274 1623 482 1660 cursum
524 1605 668 1658 illum
721 1604 1063 1675 concipiamus
1108 1603 1253 1657 velut
1303 1621 1368 1655 ex
1418 1605 1630 1673 duplici
1675 1607 1983 1674 sylloyismo
2036 1605 2112 1659 ita

275 1694 609 1751 constantem,
653 1694 713 1741 ut
752 1688 1019 1741 conclusio
1046 1685 1234 1757 prioris
1276 1684 1345 1739 sit
1382 1686 1559 1754 major
1587 1690 1895 1757 propositio
1940 1693 2111 1760 poste-

275 1769 463 1835 rioris3
503 1770 558 1822 in
599 1771 737 1823 hunc
778 1768 1020 1822 modum:

618 1869 783 1920 Omne
824 1866 1084 1933 injustum
1127 1873 1202 1917 est
1227 1865 1572 1933 fuyienclum.

621 1951 785 2002 Omne
809 1950 1037 2016 furtum
1080 1954 1157 1999 est
1198 1948 1474 2014 injustum.
1548 1948 1694 2019 Ergo

618 2033 783 2083 Omne
808 2032 1033 2099 furtum
1075 2038 1152 2081 est
1176 2030 1524 2096 fuyiendum.

402 2128 531 2179 Esto
575 2126 659 2179 hic
706 2127 870 2195 prior
925 2126 1265 2193 sylloyismus
1288 2143 1306 2175 .·
1364 2122 1507 2193 cujus
1566 2125 1763 2177 Prima
1809 2128 2114 2195 propositio

279 2214 360 2261 est
399 2225 495 2278 per
537 2225 592 2260 se
634 2215 758 2259 nota
813 2205 1005 2258 lumine
1061 2211 1281 2267 naturae,
1340 2206 1513 2257 Ratio
1571 2205 1786 2259 assumit
1841 2207 2113 2274 minorem,

285 2291 629 2342 Conscientia
668 2288 825 2340 infert
872 2285 1275 2339 Conclusionem.
1364 2286 1534 2349 Quam
1577 2289 1962 2342 conclusionem
1995 2308 2117 2342 mox

279 2369 481 2440 arripit,
524 2376 583 2423 ut
616 2370 959 2440 principium
1004 2366 1302 2437 posterioris
1345 2366 1660 2439 syllogismi:
1713 2376 1768 2422 et
1809 2370 2115 2440 applicando

281 2469 396 2504 eam
448 2451 518 2504 ad
561 2450 768 2520 aliquod
820 2449 1134 2520 particulare
1177 2448 1371 2502 factum
1413 2449 1694 2503 voluntatis
1736 2451 1953 2505 arbitrio
1997 2470 2117 2524 pro-

280 2532 517 2604 positum,
562 2531 738 2603 arguit
775 2531 845 2584 ad
883 2531 1019 2583 hunc
1061 2530 1285 2583 modum.

531 2630 695 2680 Omne
721 2629 946 2696 furtum
986 2636 1062 2679 est
1092 2628 1437 2695 fuyiendum.

523 2710 649 2762 Hoc
677 2710 819 2778 quod
845 2709 983 2760 mihi
994 2709 1319 2777 faciendum
1344 2711 1677 2778 proponitur
1705 2720 1781 2764 est
1792 2712 2037 2781 furtum,

531 2791 675 2862 Ergo
716 2800 792 2843 est
816 2791 1166 2858 fuqiendum.

280 2983 478 3027 stration
497 2984 648 3032 rests3
678 2993 745 3030 or,
772 2979 827 3023 of
850 2978 933 3023 the
957 2979 1107 3023 whole
1137 2979 1401 3038 syllogism3
1433 2995 1499 3033 or,
1526 2980 1582 3023 of
1595 2994 1624 3023 a
1644 2980 1891 3024 collection
1922 2980 1977 3024 of
2004 2980 2120 3025 such

281 3053 554 3111 syllogisms,
572 3065 622 3095 as
641 3050 777 3094 when
796 3064 865 3094 we
886 3064 968 3108 say
987 3064 1056 3094 we
1079 3049 1218 3095 know
1238 3051 1507 3109 Geometry,
1526 3051 1734 3108 Physics,
1760 3051 1853 3094 and
1873 3050 1956 3094 the
1980 3051 2089 3095 like.

373 3123 653 3167 Conscience
673 3135 781 3178 may
801 3121 899 3164 also
914 3121 975 3165 be
994 3121 1208 3165 resolved
1227 3122 1327 3165 into
1347 3123 1472 3179 pairs
1493 3122 1547 3166 of
1568 3122 1842 3180 syllogisms‚
1854 3121 1977 3175 thus,
1990 3121 2115 3165 first:

570 3192 723 3248 Every
748 3192 906 3247 unjust
929 3191 1065 3248 thing
1085 3192 1123 3235 is
1143 3196 1193 3236 to
1214 3192 1275 3235 be
1305 3193 1503 3236 avoided
1516 3208 1529 3244 ;

572 3260 726 3317 Every
744 3260 868 3303 theft
887 3261 926 3304 is
951 3275 1014 3304 an
1032 3263 1191 3318 unjust
1210 3262 1345 3320 thing
1362 3278 1376 3315 ;
1406 3262 1645 3307 therefore

572 3330 727 3386 Every
745 3329 869 3372 theft
893 3330 931 3373 is
950 3334 1001 3374 to
1026 3330 1087 3375 be
1106 3332 1318 3376 avoided.

286 3401 495 3446 Second:
570 3400 725 3457 Every
743 3398 868 3443 theft
891 3400 931 3443 is
950 3404 1000 3443 to
1020 3400 1081 3443 be
1101 3402 1324 3453 avoided3

574 3470 686 3513 This
707 3469 939 3527 proposed
963 3474 1039 3513 act
1063 3470 1102 3514 is
1122 3484 1151 3513 a
1171 3470 1294 3514 theft
1306 3487 1320 3523 3
1350 3470 1589 3515 therefore

575 3540 688 3584 This
716 3539 949 3597 proposed
969 3544 1046 3583 act
1065 3540 1104 3584 is
1124 3544 1175 3584 to
1195 3540 1254 3584 be
1275 3540 1488 3585 avoided.

285 3611 392 3656 And
411 3611 493 3656 the
513 3624 641 3656 same
662 3624 769 3667 may
792 3610 853 3654 be
882 3610 1073 3667 applied
1092 3615 1142 3653 to
1167 3615 1272 3667 past
1292 3611 1425 3654 facts.
2029 3666 2036 3669 -

374 3682 546 3739 Taylor
568 3675 734 3740 (Chap.
759 3693 791 3724 1.
820 3680 919 3724 Art.
946 3675 1023 3740 24)
1056 3681 1256 3725 resolves
1279 3681 1362 3725 the
1388 3682 1634 3739 operation
1657 3682 1713 3726 of
1739 3681 1821 3727 the
1846 3684 2120 3730 conscience

286 3752 385 3796 into
405 3756 496 3796 two
516 3751 739 3810 practical
759 3751 1017 3810 syllogisms
1039 3751 1093 3796 of
1108 3751 1190 3796 the
1212 3765 1340 3797 same
1358 3751 1475 3796 kind
1493 3766 1545 3797 as
1568 3743 1652 3797 the
1676 3753 1840 3799 above.
