2482 4166
405 243 475 298 '72
938 252 1024 295 DE
1066 252 1322 297 PIORUM
1361 253 1704 298 EXEMPLIs.

408 383 565 436 fuerit
613 383 714 436 rite
772 383 1209 446 demonstratum;
1258 384 1476 437 concidit
1529 383 1784 455 extemplo
1843 391 1953 438 tota
2001 386 2089 439 illa
2142 387 2240 439 hoc

405 466 739 519 fundamento
783 466 906 519 nixa
951 466 1259 519 defensionis
1301 466 1513 528 fabrica,
1558 485 1651 519 nec
1698 467 1797 519 erit
1833 468 1972 537 apud
2013 470 2240 522 Judices

405 547 558 600 ullius
597 548 841 600 momenti
861 550 1120 618 probatio
1156 568 1192 601 a
1227 550 1383 602 rebus
1407 549 1681 616 judicatis
1709 557 1927 619 sumpta.
2015 550 2152 602 Hinc
2180 550 2241 603 fit

405 637 464 682 ut
499 630 635 682 inter
679 630 1138 701 argumentationis
1195 630 1386 700 species
1443 631 1583 700 apud
1640 633 1988 693 Dialecticos,
2041 634 2241 684 Exem-

397 714 557 782 plum
607 713 661 764 in
706 713 976 782 postremis
1020 713 1308 775 habeatur3
1355 712 1497 765 velut
1543 714 1889 766 illustrandae
1939 712 2032 775 rei,
2085 730 2237 782 quam

407 797 851 857 demonstrandae,
872 795 1042 865 aptius
1070 794 1481 847 instrumentum.
1539 797 1610 847 Et
1639 794 1870 865 profecto
1900 794 1943 846 si
1972 794 2038 847 sit
2061 813 2241 847 verum

407 876 534 929 illud
563 876 725 939 Fabii,
756 878 897 930 nTot
926 879 1138 930 Seculis
1167 879 1376 929 nullam
1413 888 1682 947 repertam
1711 896 1817 930 esse
1847 896 2086 939 causam,
2123 896 2240 947 quoe

406 962 480 1012 sit
511 969 624 1012 tota
653 961 818 1011 alteri
848 961 1078 1012 similis:
1125 959 1328 1011 omnino
1359 959 1634 1011 verisimile
1663 965 1741 1012 est
1769 977 1918 1029 posse
1949 977 2065 1011 eum
2092 958 2241 1011 facile

407 1058 603 1103 errare,
649 1041 737 1110 qui
783 1059 849 1092 ex
890 1044 1053 1093 unius
1096 1060 1273 1094 causoe
1332 1040 1621 1094 conditione
1680 1041 1745 1093 de
1812 1043 1991 1094 altera
2051 1043 2239 1102 simili,

404 1140 508 1174 non
558 1121 794 1191 expensis
843 1129 964 1175 ante
1012 1140 1126 1174 cum
1182 1121 1320 1174 omni
1376 1122 1641 1194 diligentia
1691 1123 1958 1193 utriusque
2016 1126 2243 1176 circum-

406 1206 645 1264 stantiis,
689 1221 1024 1274 praepropere
1067 1203 1263 1256 statuit.

532 1287 686 1339 XIII.
777 1287 892 1349 Quo
921 1285 975 1337 in
1004 1303 1211 1357 genere,
1256 1303 1317 1338 eo
1355 1303 1528 1338 sumus
1556 1285 1611 1337 in
1639 1304 1870 1339 errorem
1895 1286 2242 1357 procliviores,

406 1368 543 1437 quod
587 1367 821 1438 plerique
863 1367 1125 1419 hominum
1167 1367 1240 1421 ita
1282 1368 1564 1438 comparati
1593 1386 1782 1431 sumuS,
1823 1376 1882 1422 ut
1910 1369 1962 1421 in
1992 1371 2244 1439 exemplis

406 1450 622 1502 aliorum
652 1449 969 1520 applicandis
983 1452 1154 1519 faeta
1182 1456 1384 1502 tantum
1412 1449 1526 1521 ipsa
1552 1450 1862 1514 intueamur,
1902 1469 2064 1521 eaque
2093 1451 2244 1504 avide

405 1532 728 1602 arripiamUS,
781 1539 833 1585 et
878 1532 931 1583 in
973 1551 1085 1584 rem
1128 1539 1357 1584 nostram
1414 1533 1692 1595 trahamUS,
1753 1533 1796 1585 si
1850 1533 2030 1586 saltem
2088 1536 2244 1601 affec-

407 1617 548 1668 tibus
576 1625 623 1667 et
648 1616 933 1668 desideriis
962 1614 1133 1666 cordis
1173 1613 1336 1668 nostri
1380 1614 1673 1666 adblandiri
1713 1615 2019 1677 videantur;
2066 1633 2244 1668 causae

405 1696 611 1749 interim
660 1697 929 1758 factorum,
982 1702 1035 1748 et
1073 1699 1221 1764 finis,
1281 1702 1335 1747 et
1377 1698 1539 1758 modi,
1587 1703 1640 1748 et
1690 1698 2241 1759 circumstantiarum,

406 1797 583 1831 earum
612 1778 898 1848 praesertim
926 1796 1042 1848 quae
1069 1777 1434 1849 cupiditatibus
1462 1777 1650 1831 nostris
1686 1778 1954 1831 adversari
1984 1778 2241 1842 videntur,

406 1868 498 1913 aut
553 1860 745 1913 nullam
801 1867 893 1913 aut
948 1859 1284 1931 perexiguam
1340 1860 1591 1913 rationem
1647 1861 1941 1913 habeamus,
2023 1860 2244 1933 Sugillat

407 1942 655 2012 quosdam
685 1942 761 1994 sui
790 1942 1035 2012 temporis
1060 1943 1317 2012 propheta
1346 1944 1526 2003 Amos,
1560 1960 1669 2012 cap.
1690 1942 1756 1995 vi.
1789 1945 1840 2005 5,
1872 1943 1960 2012 qui
1985 1943 2039 1995 in
2060 1943 2242 1995 mediis

404 2023 619 2095 publicis
659 2023 1032 2076 calamitatibus
1068 2023 1233 2076 securi
1276 2023 1395 2086 otio,
1436 2023 1576 2087 luxu,
1618 2031 1672 2077 et
1710 2043 1858 2077 omne
1894 2043 2058 2096 genus
2101 2025 2243 2078 volu-

405 2107 503 2177 piis
560 2106 767 2177 genium
824 2124 972 2158 suum
1030 2105 1385 2168 oblectabant;
1430 2105 1767 2176 dicebantque
1823 2106 1959 2159 inter
2013 2106 2128 2172 alia,
2188 2125 2244 2160 se

404 2191 648 2242 Davidis
676 2191 858 2242 instar
887 2190 1212 2257 excoyitasse
1239 2189 1347 2240 sibi
1374 2190 1734 2240 instrumenta
1762 2191 1985 2241 musica.
2082 2190 2243 2252 Quasi

405 2272 650 2334 dicerent,
709 2271 816 2323 Cur
872 2270 927 2323 id
973 2270 1119 2323 nobis
1175 2270 1298 2323 vitio
1352 2276 1605 2335 vertatur,
1656 2270 1794 2340 quod
1839 2272 2055 2324 Davidi
2103 2271 2244 2324 laudi

405 2354 517 2416 fuit,
550 2361 601 2406 et
623 2353 855 2406 honori?
912 2355 1138 2406 Musica
1165 2355 1524 2406 instrumenta
1553 2358 1606 2405 et
1624 2352 1995 2405 modulationes
2014 2353 2245 2407 exercuit

405 2436 487 2488 vir
529 2436 615 2489 ille
649 2443 887 2498 sanctus3
931 2434 1069 2488 idem
1104 2441 1157 2487 et
1193 2453 1285 2487 nos
1313 2434 1557 2488 facimus:
1602 2434 1977 2487 dissimulantes
2019 2435 2240 2497 interim,

405 2519 543 2589 quod
571 2519 741 2571 fuerat
769 2518 822 2569 in
849 2518 937 2570 illo
967 2517 1202 2586 exemplo
1232 2516 1490 2588 praecipue
1517 2516 1837 2582 imitandum,
1877 2516 1933 2569 id
1960 2535 1993 2570 a
2020 2520 2245 2571 Davide

406 2601 600 2652 factum
656 2599 710 2651 in
763 2602 1010 2652 honorem
1067 2601 1193 2660 Dei,
1255 2605 1307 2650 et
1353 2600 1570 2667 publici
1626 2601 1801 2651 cultus
1850 2599 2240 2660 solennitatem3

405 2700 509 2733 non
565 2681 634 2733 ad
691 2683 1054 2734 conviviorum
1102 2681 1300 2743 luxum,
1351 2686 1405 2732 et
1456 2680 1508 2730 in
1556 2679 1837 2732 fomentum
1887 2682 2136 2733 mollitiei
2189 2688 2243 2733 et

411 2765 666 2819 lasciviae.

456 2939 474 2958 ¹¹
504 2931 741 2975 Quintilian.
756 2930 890 2968 Instit.
913 2931 1073 2969 Orator.
1087 2943 1166 2969 vn.
1186 2933 1286 2969 Pro-
1361 2931 1535 2969 ἀλλοῖον
1545 2932 1706 2980 βαλεῖς.
1737 2932 1921 2969 Senarius
1934 2933 2116 2980 proverb.
2135 2934 2242 2981 apud

409 3006 500 3033 oem.
533 2993 609 3042 [4].
660 2992 728 3030 Ἂν
761 2992 908 3029 πολλοὶ
931 2993 1108 3042 βάλλῃς,
1135 2993 1286 3031 ἄλλοτ’
1364 2994 1534 3031 Aristot.
1554 2995 1603 3032 de
1621 2994 1797 3031 Divinat.
1816 3006 1901 3042 cap.
1921 2994 1961 3031 ii.

496 3109 566 3149 13.
631 3105 718 3148 We
742 3118 851 3162 may
875 3103 957 3148 the
978 3118 1107 3148 more
1128 3103 1271 3162 easily
1290 3118 1380 3157 err,
1399 3104 1641 3148 inasmuch
1661 3118 1710 3148 as
1730 3104 1900 3162 mostly
1921 3119 1988 3148 we
2009 3105 2118 3148 look
2134 3105 2243 3162 only

408 3180 457 3217 at
481 3175 563 3219 the
598 3175 730 3227 facts,
766 3176 808 3218 if
839 3175 951 3234 they
975 3176 1088 3220 tend
1121 3180 1170 3219 to
1202 3175 1374 3233 gratify
1399 3189 1485 3219 our
1514 3176 1754 3219 affections
1788 3176 1881 3218 and
1913 3176 2109 3228 dcsires3
2149 3176 2243 3219 and

407 3247 592 3302 neglect
622 3247 703 3290 the
729 3261 879 3299 cause,
905 3247 1011 3299 end,
1041 3261 1250 3299 manner,
1282 3247 1376 3290 and
1401 3247 1755 3290 circumstances
1781 3246 1836 3289 of
1866 3246 1946 3290 the
1973 3251 2083 3297 acts,
2111 3260 2245 3304 espe-

408 3318 546 3375 cially
573 3318 615 3360 if
636 3317 750 3376 they
781 3332 860 3362 are
890 3318 1097 3376 opposed
1126 3322 1176 3361 to
1208 3332 1293 3361 our
1322 3318 1633 3362 inclinations.
1690 3317 1817 3362 Thus
1843 3318 1984 3362 Amos
2005 3319 2064 3361 vi.
2091 3323 2132 3370 5,
2162 3318 2244 3361 de-

409 3389 553 3432 clares
585 3402 683 3433 woe
723 3394 772 3433 to
805 3390 982 3433 certain
1007 3390 1246 3432 luxurious
1281 3402 1473 3446 persons
1503 3389 1606 3432 who
1631 3389 1732 3432 said
1764 3389 1867 3433 that
1898 3388 2012 3446 they
2047 3390 2140 3431 had
2172 3389 2245 3430 in-

408 3461 558 3502 vented
584 3467 626 3503 to
653 3461 892 3504 themselves
911 3461 1197 3504 instruments
1222 3462 1281 3518 os
1295 3461 1435 3503 music
1457 3460 1539 3503 like
1554 3460 1737 3503 David.-
1768 3459 1918 3502 which
1937 3459 2050 3515 they
2069 3472 2244 3515 appear

408 3534 457 3572 to
482 3529 599 3574 have
621 3532 768 3588 urged
792 3533 840 3575 in
874 3532 1068 3576 defence
1104 3531 1159 3575 of
1186 3531 1310 3575 their
1344 3531 1498 3574 habits
1529 3530 1583 3574 of
1617 3530 1851 3586 festivity3
1882 3533 1966 3572 not
1998 3529 2244 3586 attending

409 3603 459 3642 to
492 3600 573 3644 the
608 3603 735 3645 main
770 3603 917 3660 point,
953 3602 1057 3646 that
1087 3602 1148 3646 he
1184 3602 1265 3645 did
1295 3602 1334 3645 it
1368 3608 1417 3645 to
1454 3604 1669 3659 promote
1703 3599 1785 3643 the
1814 3599 1998 3642 honour
2035 3598 2088 3643 of
2124 3599 2243 3651 God,

409 3671 501 3712 and
521 3671 602 3715 the
623 3673 828 3731 decency
854 3674 907 3717 of
925 3674 1083 3731 public
1108 3672 1336 3730 worship3
1364 3672 1489 3729 they,
1510 3672 1584 3715 for
1608 3683 1735 3713 mere
1761 3670 2043 3727 enj0yment.
