2482 4166
786 250 1169 295 PRAELEOTIO
1212 249 1506 296 SEPTIMA.
1963 246 2068 298 209

225 380 411 436 deinde
452 377 711 432 confirmo.
783 379 888 431 Pro
924 376 1034 450 ejus
1071 379 1428 448 explicatione
1466 376 1727 431 sciendum
1752 381 1953 447 primo,
1999 379 2068 432 ad

225 461 524 517 societatum
577 461 920 514 humanarum
961 460 1161 514 civilem
1206 459 1520 525 felicitatem,
1567 466 1621 514 et
1670 460 2066 513 commodiorem

226 542 746 614 Rerumpublicarum
788 542 1299 604 administrationem,
1339 542 1534 595 ordinis
1581 548 1845 596 auctorem
1888 545 2067 596 Deum

233 629 354 696 Opt.
386 628 546 679 Aiax.
576 643 680 679 11011
707 627 940 695 reyimen
969 625 1119 677 modo
1140 627 1431 695 politicum
1467 624 1764 689 instituisse,
1802 631 1861 678 ut
1896 633 2068 679 essent

224 708 314 778 qui
355 707 544 779 populo
584 714 866 778 praeessent
908 707 1281 779 Magistratus3
1326 708 1418 761 sed
1461 715 1516 761 et
1558 707 1612 760 in
1657 707 1767 779 ipso
1816 708 2067 780 regimine

225 793 465 844 ordinem
496 790 651 844 etiam
681 792 971 860 politicum
1000 790 1295 853 instituisse,
1327 797 1385 843 ut
1415 790 1499 844 vel
1536 788 1675 843 inter
1703 790 1840 861 ipsos
1870 790 2065 862 Magis-

225 880 394 927 tratus
436 880 607 927 essent
648 867 927 949 διαιρέσεις
971 866 1251 935 διακονιῶν,
1294 873 1428 926 varii
1474 872 1685 944 quidam
1724 893 1840 926 cum
1884 876 2064 943 digyni-

227 958 374 1022 tatia
420 962 530 1008 tum
575 959 863 1025 potestatis
915 955 1125 1027 gradus,
1233 955 1494 1008 Fortassis
1538 955 1667 1009 illud
1717 953 2065 1030 τεταγμέναι

223 1034 481 1110 ἐξουσίαι,
522 1056 622 1108 quo
651 1039 892 1090 militari
920 1039 1075 1091 verbo
1103 1055 1231 1090 usus>
1254 1044 1333 1091 est
1361 1038 1661 1109 ApostoluS,
1708 1042 1864 1095 Rom.
1892 1059 1978 1092 xv.
2015 1044 2064 1105 1,

225 1138 286 1172 eo
315 1119 539 1191 respicit,
571 1127 631 1173 ut
667 1119 1068 1192 Magistratuum
1098 1138 1131 1172 a
1157 1122 1271 1173 Deo
1313 1139 1417 1173 non
1454 1124 1851 1175 ordinationem
1881 1121 2060 1184 solum,

225 1202 317 1255 sed
354 1209 407 1256 et
441 1204 935 1257 subordinationem
970 1202 1156 1273 (qualis
1184 1203 1238 1256 in
1269 1205 1511 1257 militari
1549 1207 1667 1258 acie
1702 1204 1950 1274 cernitur)
1988 1204 2065 1256 in-

223 1302 385 1337 nuere
418 1284 653 1339 voluerit.

349 1368 445 1421 VI.
535 1367 810 1421 Sciendum
839 1370 1081 1431 secunde,
1113 1367 1166 1421 in
1194 1369 1350 1422 rebus
1382 1368 1633 1433 omnibuS,
1663 1369 1800 1423 inter
1830 1388 1958 1440 quas
1988 1377 2067 1424 est

223 1448 409 1520 aliquis
437 1449 581 1513 ord0,
612 1468 679 1503 ne
707 1450 799 1503 fiat
829 1451 987 1520 (quod
1013 1457 1202 1504 natura
1235 1452 1436 1520 horret)
1466 1455 1527 1504 in
1560 1454 1834 1520 infinitum
1852 1471 2068 1522 proces-

224 1551 330 1595 sus,
374 1532 660 1585 necessario
707 1532 918 1586 tandem
962 1533 1225 1603 perveniri
1267 1534 1337 1586 ad
1382 1533 1591 1603 aliquod
1640 1533 1695 1585 in
1741 1552 1833 1586 suo
1885 1534 2067 1587 ordine

216 1616 463 1685 primum
493 1621 546 1667 et
578 1632 848 1677 summum,
883 1614 938 1666 in
967 1632 1068 1684 quo
1092 1621 1274 1668 stetur.
1360 1618 1736 1685 Mayistratus
1769 1634 1896 1689 ergo
1936 1616 2069 1688 ejus-

225 1697 343 1749 dem
372 1696 748 1750 communitatis
773 1715 888 1749 cum
924 1696 1027 1750 sint
1055 1696 1142 1749 alii
1171 1696 1284 1750 aliis
1310 1696 1566 1769 dignitate
1596 1705 1649 1752 et
1687 1705 1944 1769 potestate
1983 1719 2070 1753 su-

215 1781 460 1850 periores
474 1799 495 1840 ;
525 1785 731 1850 oportet
758 1786 818 1832 ut
846 1779 913 1832 sit
934 1779 1072 1832 inter
1097 1797 1185 1832 eos
1214 1779 1396 1850 aliquis
1424 1780 1497 1833 ita
1525 1781 1736 1851 reliquis
1765 1784 2067 1845 sublimior,

225 1868 284 1914 ut
311 1861 378 1914 ab
404 1861 491 1914 illo
530 1861 716 1932 reliqui
752 1862 1029 1932 pendeant,
1061 1861 1171 1933 ipse
1206 1870 1380 1915 autem
1410 1881 1442 1915 a
1481 1863 1654 1917 nullo:
1701 1870 1759 1916 ut
1796 1867 1973 1934 Caput
2015 1864 2070 1916 in

226 1961 457 2014 corpore,
500 1946 839 1999 Gubernator
877 1944 931 1997 in
960 1962 1109 2007 nave,
1148 1944 1203 1996 in
1233 1944 1465 1997 exercitu
1492 1948 1836 2015 Imperator.-
1880 1947 2071 2015 Supre-

226 2044 339 2079 mus
381 2026 571 2081 scilicet
600 2027 975 2099 Magistratus3
1016 2028 1128 2080 solo
1166 2029 1283 2080 Deo
1322 2029 1514 2090 minor,
1561 2027 1751 2097 quique
1789 2027 1843 2080 in
1878 2030 2071 2100 guber-

228 2109 399 2161 nando
429 2110 695 2162 commisso
725 2109 823 2162 sibi
848 2108 1036 2179 populo
1059 2128 1153 2162 nec
1178 2111 1505 2178 superiorem
1534 2112 1693 2163 habet
1722 2129 1816 2164 nec
1834 2131 2032 2181 parem
2051 2133 2069 2164 .-

229 2208 383 2261 quem
405 2192 670 2261 Apostoli,
690 2185 927 2244 dPetrus
956 2186 1318 2267 ὑπερέχοντα,
1340 2193 1587 2245 ePaulus
1625 2189 1877 2265 ἐξουσίαν
1908 2189 2070 2268 ὑπερ-

227 2274 479 2348 έχουσαν,
525 2281 579 2327 et
618 2271 718 2328 τὸν
761 2269 818 2327 ἐν
863 2270 1116 2352 ὑπεροχῇ
1160 2269 1298 2329 ὅντα
1336 2274 1633 2345 appellant3
1675 2282 1728 2328 et
1768 2276 2071 2329 Scholastici

228 2355 339 2407 fere
369 2357 552 2426 Caput
574 2357 1006 2410 communitatis:
1038 2355 1197 2426 Cujus
1226 2362 1305 2409 est
1335 2353 1743 2433 αὐτοκρατορὶα
1767 2365 1819 2410 et
1841 2360 2073 2428 Imperii

229 2438 502 2506 Majestas
520 2458 540 2497 ;
596 2446 649 2493 et
698 2438 779 2492 cui
818 2436 1088 2492 inferiores
1138 2456 1313 2492 omnes
1360 2441 1734 2510 Maqistratus
1775 2439 2071 2495 universam

476 2619 496 2646 d
521 2621 543 2657 1
560 2620 650 2658 Pet.
669 2620 708 2658 ii.
728 2623 791 2659 13.
1200 2627 1218 2648 e
1243 2621 1363 2658 Rom.
1382 2621 1464 2659 xiii.
1485 2622 1532 2668 13
1559 2621 1581 2658 1
1602 2621 1705 2658 Tim.
1725 2620 1766 2659 ii.
1784 2622 1821 2658 2.

229 2748 420 2800 Power;
451 2747 681 2805 (whether
703 2748 796 2793 this
816 2749 876 2793 be
897 2749 946 2792 in
971 2748 1052 2794 the
1072 2747 1222 2793 hands
1248 2748 1303 2793 of
1324 2762 1428 2801 one,
1453 2762 1504 2793 as
1528 2748 1579 2791 in
1600 2762 1628 2792 a
1648 2747 1920 2807 Monarchy,
1946 2762 2000 2793 or
2024 2750 2080 2794 of

228 2813 396 2869 more.)
922 2851 936 2857 -

316 2890 385 2934 To
405 2890 590 2948 explain
610 2890 716 2943 this,
730 2904 800 2936 we
818 2891 1004 2936 remark
1024 2891 1128 2936 that
1148 2891 1283 2937 there
1303 2891 1341 2936 is
1361 2892 1410 2935 in
1431 2892 1657 2943 societies,
1676 2890 1738 2948 by
1759 2890 1841 2935 the
1860 2892 2078 2949 appoint-

228 2965 360 3005 ment
395 2961 450 3005 of
479 2962 782 3015 Providence,
821 2958 906 3007 not
941 2964 1052 3021 only
1090 2963 1308 3007 Political
1354 2963 1689 3013 Government,
1734 2962 1820 3005 but
1858 2962 2076 3006 Political

232 3032 611 3077 Subordination.
673 3033 826 3077 There
860 3048 940 3078 are
964 3035 1148 3078 various
1174 3034 1524 3085 ministrations,
1562 3047 1652 3077 one
1684 3032 1834 3075 under
1859 3032 2071 3078 another.

231 3101 333 3145 The
352 3116 530 3158 powers
555 3103 659 3147 that
679 3104 739 3148 be
765 3103 924 3158 (Rom.
949 3105 1043 3148 xiii.
1071 3103 1119 3158 1)
1140 3119 1220 3149 are
1245 3109 1330 3148 not
1355 3105 1466 3162 only
1496 3104 1727 3155 ordained,
1756 3103 1843 3147 but
1864 3103 2077 3148 subordi-

230 3172 389 3215 nated.

321 3245 364 3286 6.
429 3242 592 3286 Hence
616 3242 751 3287 there
771 3248 896 3288 must
918 3244 980 3288 be
1001 3258 1030 3287 a
1053 3244 1254 3301 Highest
1272 3245 1451 3297 Power,
1471 3249 1521 3288 to
1541 3243 1693 3288 which
1712 3244 1794 3289 the
1816 3243 1973 3288 others
1994 3259 2075 3290 are

232 3312 296 3356 all
320 3312 622 3358 subordinate
646 3314 696 3356 in
726 3316 981 3359 successive
1006 3315 1182 3359 orders.
1242 3315 1354 3359 This
1374 3315 1413 3359 is
1434 3315 1515 3359 the
1539 3315 1767 3372 Supreme
1789 3316 2077 3372 Magistrate‚

232 3383 313 3428 the
349 3384 614 3441 Sovereign‚
647 3384 947 3429 subordinate
978 3389 1028 3429 to
1055 3385 1162 3429 God
1195 3385 1351 3429 alone:
1385 3384 1467 3429 the
1494 3385 1708 3442 Supreme
1736 3386 1992 3430 Ordinante
2028 3388 2084 3432 of

234 3456 290 3498 St
320 3455 464 3499 Peter
501 3456 548 3511 (1
573 3456 677 3499 Pet.
701 3456 748 3499 ii.
776 3455 867 3510 13),
905 3456 987 3499 the
1011 3456 1187 3513 Hiyher
1209 3457 1374 3500 Power
1404 3456 1458 3499 of
1481 3457 1535 3500 St
1559 3456 1680 3499 Paul
1705 3458 1863 3513 (Rom.
1891 3458 1985 3501 xiii.
2013 3457 2076 3513 1),

232 3526 326 3569 and
352 3525 486 3570 those
512 3527 607 3570 that
631 3541 709 3570 are
729 3527 778 3569 in
803 3527 1030 3584 authority
1052 3525 1098 3580 (1
1125 3527 1241 3570 Tim.
1267 3527 1313 3570 ii.
1339 3521 1402 3577 2).
1455 3526 1605 3571 Other
1625 3527 1899 3574 authorities
1925 3543 2006 3572 are
2026 3544 2078 3575 as

232 3604 328 3641 sent
348 3599 402 3654 by
428 3597 520 3641 him
553 3590 598 3657 (1
622 3598 727 3643 Pet.
755 3598 802 3643 ii.
831 3591 922 3659 14).
984 3597 1096 3642 This
1122 3597 1362 3656 authority
1386 3598 1425 3642 is
1450 3597 1531 3642 the
1560 3598 1866 3659 Sovereignty
1903 3613 1957 3644 01·
1990 3600 2078 3645 Su-

228 3681 474 3727 premacy.

407 3788 616 3865 [amn]
1753 3753 1825 3805 14
