2482 4166
868 261 1249 305 PRAELECTIO
1292 261 1514 306 SEXTA.
2005 260 2029 308 1
2042 258 2106 311 69

273 413 387 466 quae
420 393 488 447 ad
513 403 745 461 quatuor
780 410 1070 462 causarum
1095 410 1294 461 yenera
1329 392 1593 445 commode
1629 393 1816 446 referri
1844 412 1991 464 posse
2020 416 2108 449 ex-

270 477 504 538 istimem,
546 493 606 528 eo
645 475 960 528 reducantur
997 474 1212 545 singula.
1295 475 1400 528 Sed
1433 474 1674 545 quoniam
1716 483 1918 529 restare
1957 478 2107 531 video

269 559 439 611 adhuc
467 557 689 619 nonulla,
722 576 836 627 quae
864 556 975 609 istis
995 556 1181 609 finibus
1210 575 1310 609 non
1341 564 1554 628 possunt
1575 557 1649 611 ita
1677 557 1826 611 facile
1849 559 2106 614 concludi:

269 647 390 693 sunt
430 647 483 693 et
518 639 617 692 illis
653 658 759 692 suae
788 657 991 709 quoque
1029 639 1215 692 classes
1248 639 1590 711 assignandae.
1676 642 1873 711 Eaeque
1908 642 2109 711 potissi-

267 740 408 774 mum
450 722 599 776 duae:
643 721 708 774 de
751 724 1025 784 Per-souis,
1073 740 1188 791 quae
1230 721 1515 775 istiusmodi
1558 724 1758 795 Legum
1806 723 2108 795 obligationi

268 804 547 874 subjacent,
578 804 775 866 altera3
805 804 972 857 altera
1000 804 1065 857 de
1090 803 1358 857 collatione
1379 807 1601 858 virtutis
1628 808 1964 875 obliqatorioe
1993 825 2110 876 quae

268 888 505 955 Leyibus
547 888 799 939 humanis
841 886 989 948 inest,
1034 905 1149 938 cum
1186 905 1249 939 ea
1286 905 1401 956 quae
1444 888 1610 940 oritur
1645 907 1709 941 ex
1762 891 2108 943 Conscientiae

255 970 484 1036 judicia
536 987 601 1021 ex
664 971 809 1031 Voto,
850 971 1186 1031 Juramento,
1236 970 1611 1032 Promissione,
1658 970 1742 1024 vel
1792 974 2105 1034 Contractu‚

267 1068 332 1102 ex
369 1052 623 1104 scandali
666 1051 797 1122 lege,
832 1058 923 1104 aut
959 1050 1127 1120 siquid
1167 1050 1307 1103 aliud
1342 1052 1407 1105 sit
1439 1052 1647 1105 aliunde
1685 1056 2065 1123 obliqatorium
2090 1076 2107 1107 .·

267 1133 466 1202 quoties
515 1152 808 1205 repugnare
857 1133 1098 1186 videntur
1147 1133 1363 1186 invicem
1412 1134 1525 1187 istae
1570 1137 1935 1205 obliyatione&
1987 1145 2107 1191 utra

267 1214 456 1268 scilicet
498 1216 603 1268 utri
641 1216 826 1268 cedere
873 1215 1073 1268 debeat.
1163 1216 1342 1268 Tertia
1384 1216 1519 1269 enim
1559 1218 1730 1270 classis
1764 1226 1823 1271 ut
1864 1220 2103 1282 addatur,

265 1305 480 1368 propter
509 1299 713 1368 Leyum
742 1300 939 1368 species
965 1298 1230 1368 quasdam,
1263 1317 1378 1368 quae
1407 1299 1648 1353 videntur
1677 1301 1939 1354 continere
1967 1302 2020 1354 in
2049 1322 2105 1356 se

265 1380 459 1449 aliquid
487 1380 761 1452 singulare,
791 1380 987 1450 (quales
1016 1388 1135 1433 sunt
1163 1382 1333 1450 Leyes
1353 1383 1771 1445 Ecclesiasticae,
1794 1386 1961 1453 Leqes
1989 1403 2104 1455 quae

264 1465 519 1516 Poenales
548 1464 802 1526 dicuntur,
843 1464 1196 1532 Colleyiorum
1225 1471 1279 1515 et
1299 1463 1552 1516 minorum
1584 1465 1896 1518 Societatum
1924 1467 2105 1519 localia

267 1547 508 1611 Statum,
554 1547 875 1614 Privileyia,
916 1547 1034 1613 etc.)
1080 1564 1182 1597 non
1222 1544 1322 1598 erit
1358 1545 1576 1598 fortasse
1610 1547 1886 1599 admodum
1929 1567 2103 1601 neces-

261 1627 483 1680 sarium:
517 1645 629 1679 cum
659 1627 854 1697 possint
878 1627 978 1679 ista
1005 1627 1116 1679 fere
1144 1627 1211 1680 ad
1239 1627 1447 1697 aliquod
1470 1646 1499 1680 e
1528 1640 1762 1699 quatuor
1798 1632 2102 1684 Causarum

257 1711 537 1779 ¹qeueribus
565 1710 736 1779 aliquo
773 1709 925 1762 modo
954 1709 1161 1772 reduci3
1207 1710 1249 1762 si
1277 1728 1380 1762 non
1408 1710 1481 1763 ita
1509 1712 1758 1782 apposite,
1800 1720 1858 1765 ut
1886 1713 2101 1767 istarum

259 1811 435 1844 rerum
479 1792 690 1845 curiosis
733 1791 962 1853 satisfiat,
1008 1799 1061 1845 at
1102 1799 1350 1862 quantum
1395 1793 1575 1846 sufficit
1620 1795 1854 1849 instituto
1904 1804 2097 1859 nostrO,

259 1874 346 1944 qui
375 1875 495 1927 dum
526 1877 661 1946 quid
698 1894 878 1928 rerum
909 1877 1097 1943 ayitur
1124 1875 1385 1928 auditores
1424 1876 1731 1949 intelligant,
1764 1879 1829 1931 de
1858 1882 2099 1933 methodo

257 1975 360 2009 non
389 1958 527 2010 ultra
554 1958 893 2010 laborandum
917 1976 1119 2028 semper
1146 1958 1559 2012 existimavimus
1619 1961 1893 2032 Agendum
1922 1962 2099 2031 itaque

259 2039 322 2107 (si
359 2041 504 2093 Deus
538 2040 605 2093 ad
641 2059 702 2092 ea
743 2058 858 2109 quae
888 2041 1131 2110 proposui
1168 2040 1479 2110 perficienda
1514 2041 1690 2104 vitam,
1731 2043 2095 2107 valetudinem,

257 2122 694 2193 opportunitatem
733 2122 1058 2190 concesserit)
1089 2122 1253 2192 primo
1288 2123 1397 2175 loco
1439 2123 1503 2175 de
1532 2125 1739 2193 Leyum
1774 2127 2098 2195 obliyatione

257 2204 428 2274 quoad
453 2212 674 2274 quatuor
707 2206 1012 2258 Causarum
1046 2224 1243 2274 yeuera
1264 2225 1280 2257 .·
1323 2205 1573 2274 proxim0‚
1619 2207 1684 2259 de
1702 2211 1951 2278 personis
1981 2227 2097 2278 quae

254 2287 323 2339 ad
353 2288 521 2358 Leges
548 2287 891 2339 observandas
920 2286 1213 2358 obligantur
1236 2307 1248 2350 3
1293 2287 1580 2350 novissim0,
1610 2289 1675 2341 de
1704 2291 2095 2359 obliyatiouum

255 2368 472 2421 invicem
501 2368 840 2440 pugnantium
878 2372 1315 2438 comparatione:
1359 2370 1643 2423 Praemissis
1671 2379 1871 2425 tantum
1901 2392 2004 2426 una
2042 2382 2095 2426 et

252 2452 420 2504 altera
461 2450 797 2514 distinctione,
839 2469 955 2521 quae
991 2451 1045 2503 in
1083 2458 1193 2505 toto
1239 2453 1336 2504 hoc
1375 2452 1583 2525 negotio
1628 2455 1897 2527 permagni
1939 2464 2094 2509 erunt

252 2545 403 2586 usuS.'

379 2618 450 2670 ΙΙ.
540 2616 812 2669 Sciendum
842 2634 968 2689 ergo
996 2620 1196 2687 primo,
1237 2635 1395 2688 quum
1430 2618 1497 2672 sit
1535 2621 1603 2673 ad
1632 2623 1843 2674 ordinis
1870 2623 2094 2692 politici

251 2698 404 2751 finem
433 2699 486 2750 in
505 2698 566 2751 iis
595 2699 682 2768 qui
704 2706 936 2769 praesunt
958 2702 1157 2770 dupleoe
1175 2712 1419 2770 potestas
1447 2703 1769 2766 necessaria3
1801 2706 2092 2758 Directiva

250 2781 442 2834 scilicet
481 2788 539 2834 ut
567 2781 758 2834 subditi
788 2799 902 2851 quae
940 2782 1035 2834 sibi
1077 2782 1312 2836 facienda
1355 2783 1458 2837 sint
1488 2784 1798 2858 intelligant,
1844 2794 1897 2840 et
1940 2789 2092 2842 Coer-

251 2866 421 2916 citiva
464 2863 555 2932 (sic
595 2863 729 2916 enim
759 2863 930 2934 potius
969 2864 1240 2917 dicendum
1281 2883 1346 2918 ex
1385 2866 1654 2940 Analogiae
1693 2869 1894 2921 ratione
1937 2888 2090 2939 quam

248 2947 533 3015 vCoerciva)
578 2946 687 2999 sive
743 2948 1017 3009 Coactum,
1058 2955 1116 3000 ut
1154 2948 1222 3000 ad
1265 2947 1520 3019 imperata
1570 2950 1820 3013 facienda,
1866 2951 1909 3003 si
1952 2952 2088 3003 ultro

249 3027 427 3091 nolint,
469 3028 873 3098 compellantur:
918 3033 1162 3098 (quarum
1194 3036 1416 3100 utraque
1449 3030 1502 3083 in
1541 3034 1778 3102 Leyibus
1814 3032 1889 3085 ita
1932 3033 2090 3085 conti-

250 3116 418 3170 netur,
464 3117 523 3162 ut
563 3110 651 3161 illa
692 3110 746 3161 in
775 3114 1232 3179 praeceptionibus
1274 3113 1512 3175 maxime,
1554 3115 1667 3167 haec
1710 3115 1763 3166 in
1797 3133 2089 3185 parmarum

250 3192 524 3243 sanctione
546 3194 837 3259 cernatur3)
865 3209 1121 3263 exurgere
1148 3211 1212 3245 ex
1240 3193 1429 3262 duplici
1457 3194 1545 3247 illa
1557 3198 1787 3266 praelati
1805 3206 2086 3265 potestate,

251 3270 441 3340 duplex
479 3271 649 3334 etiam,
681 3272 818 3340 quod
854 3272 1061 3342 utrique
1099 3275 1345 3344 potestati
1382 3278 1710 3346 respondeat,
1755 3279 1962 3331 subditi
2001 3281 2087 3331 de-

342 3469 383 3508 2.
449 3464 549 3508 The
589 3465 847 3522 Lawgiver‚
889 3480 942 3510 or
980 3467 1197 3511 Political
1234 3469 1470 3527 Superior,
1501 3470 1584 3514 has
1624 3484 1652 3514 a
1686 3472 1877 3515 twofold
1907 3473 2085 3526 Power,

249 3534 503 3587 Directive,
536 3536 629 3579 and
664 3536 923 3581 Coercitive
960 3551 1014 3581 or
1052 3539 1285 3584 Coactive.
1369 3541 1469 3585 The
1500 3543 1865 3601 corresponding
1896 3544 2084 3601 Obliga-

248 3606 372 3649 tions
399 3619 460 3649 on
486 3606 567 3650 the
586 3612 694 3665 part
719 3607 774 3651 of
793 3608 874 3652 the
904 3609 1084 3666 subject
1109 3624 1189 3653 are
1215 3610 1447 3656 Obedie‘nce
1466 3612 1560 3656 and
1581 3612 1867 3658 Submission.
1934 3615 2084 3659 These

248 3681 339 3719 two
368 3676 659 3735 Obligations
696 3693 777 3722 are
808 3681 1057 3738 expressed
1088 3681 1208 3725 Heb.
1234 3682 1327 3725 xiii.
1362 3685 1417 3729 17
1432 3700 1441 3727 ε
1484 3684 1511 3706 “
1532 3684 1649 3741 Obey
1673 3684 1803 3729 them
1834 3686 1937 3730 that
1965 3686 2084 3730 have

247 3747 330 3791 the
355 3748 458 3791 rule
479 3762 593 3793 over
612 3764 718 3808 you,
745 3751 837 3794 and
864 3753 1027 3795 submit
1053 3753 1363 3810 yourselves.”
