2482 4166
405 274 474 325 98
667 279 753 322 DE
795 277 1166 331 ADAEQUATA
1208 278 1656 327 CONSOIENTIAE
1698 278 1974 323 REGULA.

410 416 611 464 motus:
656 428 782 482 ergo
809 428 967 480 penes
992 409 1159 479 ipsum
1188 409 1351 462 solum
1379 416 1609 480 potestas
1644 416 1723 462 est
1766 410 1926 479 leyem
1966 408 2239 462 Conscien-

408 493 494 547 tiis
521 493 831 563 imponendi,
863 510 979 562 quae
1007 491 1144 561 ipsas
1173 491 1381 562 obliget.
1431 491 1567 543 Hinc
1589 498 1667 544 est
1686 492 1821 562 quod
1843 494 1976 561 leyes
1991 494 2240 544 humanae

410 587 651 630 eaeternos
684 582 886 628 tantum
926 591 1199 643 corporum
1236 584 1410 627 motus
1450 575 1693 642 obliyant
1724 574 1792 626 ad
1821 585 2095 627 externam
2124 592 2241 625 con-

409 658 756 720 formitatem3
797 675 829 709 a
868 673 1086 726 quarum
1127 653 1345 724 imperio
1381 661 1435 708 et
1462 655 1753 727 cognitione
1781 657 2006 709 interme
2033 656 2240 709 interim

412 740 762 813 cogitationeS,
823 754 1099 807 omnesque
1155 736 1404 789 mentium
1460 743 1514 789 et
1570 739 2018 790 conscientiarum
2073 744 2243 790 motus

410 841 624 895 prorsus
662 823 911 874 immunes
954 826 1087 872 sunt.
1163 819 1309 871 Adeo
1352 825 1411 871 ut
1449 836 1552 871 non
1590 825 1791 872 tantum
1833 819 1934 872 viri
1977 820 2153 873 Sancti
2191 826 2245 871 et

412 906 525 958 veri
567 905 668 957 Dei
712 903 999 975 cognitione
1033 901 1230 964 imbuti,
1273 901 1449 971 quales
1497 901 1645 954 fuere
1685 912 1791 954 tres
1828 903 1940 954 viri
1983 901 2056 953 illi
2105 901 2244 971 apud

416 987 731 1058 Babylonios
754 984 956 1056 captivi,
988 987 1136 1037 Dan.
1160 984 1245 1048 iii„
1271 991 1325 1037 et
1349 985 1657 1037 Maccabaei
1677 984 1867 1036 fratres
1889 990 2084 1053 septem
2104 1002 2117 1046 ;
2153 983 2245 1035 sed

413 1077 467 1123 et
508 1070 847 1122 Ethnicorum
885 1067 1139 1137 sapientes
1177 1066 1385 1137 plurimi
1422 1074 1767 1137 tyrannorum
1810 1065 1973 1118 minas
2029 1072 2083 1119 et
2139 1072 2244 1118 tor-

414 1159 587 1204 menta
629 1150 855 1213 riserint,
890 1156 949 1202 ut
986 1149 1075 1219 qui
1113 1167 1216 1201 non
1254 1149 1307 1201 in
1334 1148 1487 1219 ipsos
1518 1149 1609 1201 sed
1637 1148 1691 1200 in
1719 1148 1948 1219 ipsorum
1978 1143 2242 1203 θυλάκους
2278 1193 2283 1198 ,

414 1240 615 1287 tantum
646 1240 698 1287 et
726 1226 1087 1308 ἀποδέρματα
1116 1230 1393 1284 saevierint.
1483 1230 1620 1294 Quin
1662 1230 1929 1283 audiamus
1971 1230 2095 1301 quid
2126 1230 2245 1282 Ser-

413 1323 563 1369 vator
609 1322 785 1368 noster
839 1317 1086 1369 Christus
1131 1314 1228 1365 hac
1273 1313 1327 1365 in
1371 1332 1430 1365 re
1474 1320 1528 1366 et
1582 1313 1692 1383 ipse
1740 1311 1973 1374 senserit,
2032 1319 2086 1364 et
2141 1312 2245 1364 suis

411 1398 732 1467 praeceperit,
764 1400 966 1459 Nolite,
1012 1395 1192 1466 inquit,
1227 1399 1410 1449 timere
1439 1415 1537 1458 e03,
1583 1398 1679 1465 qui
1722 1414 1842 1449 eum
1883 1396 2246 1448 interemerint

411 1499 619 1547 corpus,
649 1499 754 1532 non
782 1482 978 1531 habent
1005 1481 1146 1548 quod
1175 1480 1414 1547 amplius
1427 1480 1658 1547 faciant
1676 1498 1693 1530 .·
1735 1480 1828 1531 sed
1855 1480 2071 1530 ‘metuite
2110 1495 2242 1538 eum,

412 1564 507 1630 qui
525 1571 839 1629 potestatem
867 1562 1025 1613 habet
1053 1562 1148 1612 ubi
1174 1563 1444 1622 occiderit,
1467 1570 1516 1613 et
1534 1562 1594 1612 in
1616 1562 1887 1629 infernum
1910 1561 2243 1627 conjiciendi,

414 1645 550 1695 Luc.
574 1641 660 1695 xii.
692 1645 743 1704 3,
776 1644 827 1695 4.
893 1641 1052 1704 Quasi
1081 1641 1306 1704 dixisset,
1338 1642 1551 1695 Habent
1576 1641 1791 1712 tyranni
1820 1659 1886 1693 ex
1912 1641 2245 1711 permissione

416 1724 518 1776 Dei
539 1724 592 1776 in
622 1743 851 1794 corpora
875 1729 1207 1794 potestatem:
1238 1730 1320 1776 ast
1347 1723 1401 1775 in
1431 1726 1647 1776 animas
1672 1722 1933 1775 hominum
1965 1729 2017 1775 et
2046 1726 2245 1776 consei-

417 1809 593 1859 entiae
620 1806 811 1858 nullam
840 1807 1033 1859 habent
1059 1802 1323 1877 ἐξουσίαν,
1348 1805 1434 1875 jus
1465 1805 1674 1858 nullum.
1753 1806 1807 1857 N
1809 1823 1874 1857 on
1908 1813 2121 1875 possunt
2154 1812 2246 1858 aut

419 1890 552 1957 leyes
580 1906 784 1959 rogare,
808 1895 899 1941 aut
926 1888 1163 1959 irrogare
1182 1907 1391 1958 poertcw,
1424 1905 1539 1957 quae
1568 1888 1637 1940 ad
1664 1887 1960 1940 interiorem
1986 1887 2246 1939 hominem

414 1969 720 2040 pertineant.
801 1972 864 2022 In
903 1981 1067 2023 totum
1097 1972 1358 2023 hominem
1387 1970 1488 2022 Dei
1516 1970 1664 2022 unius
1686 1970 1772 2040 jus
1802 1976 1880 2022 est
1904 1989 1916 2023 :
1960 1969 2049 2039 qui
2077 1976 2246 2040 potest

415 2051 637 2124 neglecti
666 2051 813 2104 officii
840 2070 943 2103 non
971 2070 1004 2104 a
1041 2054 1270 2122 Corpore
1306 2052 1484 2114 solum,
1516 2052 1607 2104 sed
1644 2059 1697 2104 et
1738 2052 1804 2104 ab
1833 2053 2040 2104 Anima
2068 2069 2246 2122 poenas

414 2153 629 2199 sumere,
656 2141 708 2187 et
739 2145 904 2187 totum
934 2136 1196 2187 hominem
1228 2133 1435 2187 aeternis
1464 2133 1722 2204 suppliciis
1762 2134 2017 2186 addicere.

539 2218 637 2269 XI.
719 2218 980 2270 Probatur
1021 2218 1193 2279 tertio,
1237 2235 1302 2269 ex
1342 2216 1631 2269 conditione
1671 2215 1830 2285 ipsius
1876 2217 2242 2277 Conscientiae‚

415 2306 468 2352 et
513 2299 735 2351 naturali
782 2299 891 2369 ejus
935 2305 1109 2352 statu:
1169 2317 1323 2368 quam
1366 2297 1477 2368 jam
1517 2305 1639 2350 ante
1690 2297 1909 2350 diximus
1957 2297 2032 2351 ita
2076 2298 2244 2350 medio

414 2382 635 2451 quodam
662 2382 797 2434 inter
820 2382 991 2433 Deum
1021 2388 1074 2434 et
1098 2381 1316 2434 hominis
1342 2380 1659 2434 voluntatem
1687 2379 1960 2433 intervallo
1989 2379 2241 2450 positam3

414 2471 474 2517 ut
503 2464 639 2533 quod
667 2464 731 2516 de
761 2465 999 2532 Reyibus
1027 2469 1081 2516 et
1122 2464 1550 2532 Imperatoribus
1593 2481 1716 2515 vere
1760 2462 1859 2515 dici
1902 2462 2106 2516 solitum
2149 2469 2242 2525 est,

415 2546 480 2597 de
530 2545 846 2616 singulorum
893 2545 1156 2597 hominum
1211 2546 1560 2599 Conscientiis
1609 2563 1712 2596 non
1764 2544 1930 2597 minus
1976 2563 2099 2597 vere
2146 2544 2245 2597 dici

416 2627 590 2696 possit,
623 2629 746 2679 Solo
775 2629 891 2680 Deo
920 2629 1150 2680 minores
1190 2644 1314 2688 esse,
1359 2644 1453 2678 nec
1497 2628 1733 2696 aliquem
1771 2630 1832 2679 in
1876 2629 2036 2680 terris
2082 2629 2245 2697 Supe-

414 2710 611 2760 riorem
650 2726 946 2779 agnoscere.
1025 2708 1362 2760 Memorabile
1402 2714 1480 2760 est
1517 2710 1908 2761 Maoeimiliani
1934 2711 2115 2778 primi
2143 2711 2245 2760 [m-

415 2789 669 2859 peratoris
711 2790 849 2859 quod
891 2789 1108 2861 legimus
1155 2789 1346 2842 dictum
1388 2788 1531 2851 illud,
1572 2792 1926 2843 Conscientiis
1969 2792 2246 2843 dominari

418 2873 548 2924 velle
575 2882 651 2924 est
686 2891 865 2925 arcem
899 2873 1018 2924 coeli
1060 2873 1332 2925 invadere.
1413 2871 1685 2923 Praedator
1725 2879 1803 2925 est
1832 2872 2014 2943 gloriae
2042 2871 2159 2936 Dei,
2192 2879 2245 2926 et
2296 2884 2302 2890 '

415 3060 725 3120 Accordingly
746 3061 861 3106 such
881 3062 988 3106 laws
1007 3063 1126 3107 have
1147 3078 1207 3108 on
1227 3064 1431 3121 grounds
1453 3065 1507 3108 of
1528 3066 1808 3109 Oonscience
1832 3065 1954 3109 been
1978 3066 2174 3110 resisted
2195 3070 2244 3109 to

413 3133 494 3176 the
520 3133 662 3176 death
688 3134 748 3191 by
778 3134 900 3190 good
922 3148 1057 3185 men3
1089 3148 1138 3178 as
1168 3135 1249 3179 the
1269 3135 1403 3179 three
1423 3137 1558 3188 Jews,
1580 3137 1681 3180 who
1703 3138 1845 3194 (Dan.
1875 3135 1960 3190 iii.)
1982 3137 2170 3181 refused
2195 3141 2244 3180 to

412 3204 610 3261 worship
636 3204 716 3247 the
736 3205 888 3261 image
909 3209 979 3248 set
1000 3219 1063 3262 up
1084 3206 1147 3263 by
1166 3207 1614 3251 Nebuchadnezzar:
1649 3208 1742 3251 and
1761 3208 1842 3252 the
1864 3221 2003 3251 seven
2022 3208 2246 3251 brethren

418 3275 516 3318 who
548 3274 597 3329 (2
622 3276 832 3320 Maccab.
861 3271 960 3327 vii.)
986 3276 1173 3321 refused
1197 3282 1247 3321 to
1279 3283 1355 3322 eat
1386 3278 1560 3323 swine’s
1591 3279 1708 3323 flesh
1745 3283 1794 3322 at
1820 3278 1902 3323 the
1930 3272 2177 3322 command
2197 3278 2251 3322 of

413 3346 685 3390 Antiochus.
751 3346 858 3390 And
890 3361 1005 3391 even
1036 3348 1117 3391 the
1144 3349 1351 3392 heathen
1375 3349 1493 3393 have
1514 3350 1700 3394 refused
1720 3355 1770 3394 to
1791 3350 1911 3408 obey
1930 3354 2111 3408 tyrants
2142 3349 2245 3393 who

416 3417 553 3459 could
579 3418 689 3475 only
715 3417 850 3460 harm
875 3418 956 3462 the
985 3419 1194 3462 outward
1219 3434 1323 3464 case
1349 3421 1443 3464 and
1465 3421 1672 3479 clothing
1698 3421 1752 3465 of
1771 3421 1851 3465 the
1872 3435 1996 3465 man.
2056 3421 2165 3464 And
2194 3434 2245 3464 so

416 3487 568 3530 Christ
599 3488 792 3532 himself
818 3489 1019 3541 teaches‚
1045 3491 1180 3534 Luke
1206 3491 1282 3535 xii.
1310 3497 1351 3544 3,
1372 3497 1415 3537 4.
1479 3492 1642 3536 Hence
1671 3492 1776 3535 Grod
1800 3492 1938 3535 alone
1964 3490 2050 3534 has
2076 3490 2244 3534 autho-

420 3558 512 3615 rity
535 3572 643 3602 over
663 3559 743 3603 the
760 3560 894 3603 inner
918 3574 1039 3604 man.

502 3633 572 3672 11,
625 3630 766 3672 Third
785 3631 926 3687 proof
939 3648 948 3674 :
978 3631 1058 3676 the
1073 3632 1278 3689 position
1293 3633 1347 3676 of
1360 3633 1642 3677 Gonscience
1658 3632 1697 3675 is
1712 3628 1826 3675 such
1842 3628 2052 3684 (Proelee.
2070 3642 2120 3673 11.
2141 3627 2243 3674 Art.

420 3691 482 3748 1),
506 3698 609 3741 that
633 3700 671 3742 it
694 3700 731 3742 is
757 3698 828 3752 (as
849 3702 886 3744 is
908 3702 1006 3744 said
1032 3703 1086 3746 of
1113 3702 1408 3760 Sovereigns)
1440 3702 1635 3746 inferior
1665 3702 1776 3758 only
1797 3705 1846 3744 to
1882 3701 2001 3751 God,
2035 3701 2246 3758 superior

418 3769 467 3808 to
500 3767 560 3808 all
592 3769 770 3825 earthly
800 3771 1048 3829 authority.
1112 3774 1401 3816 Maximilian
1433 3774 1471 3817 I.
1505 3772 1678 3829 rightly
1710 3770 1822 3823 said,
1844 3771 1947 3815 that
1973 3776 2021 3815 to
2046 3771 2245 3829 pretend
