2482 4166
807 274 953 318 PRAE
960 274 1186 319 LECTIO
1231 276 1391 327 QUIN
1394 276 1491 320 ΤΑ.
1968 272 1994 321 1
2006 271 2068 321 61

239 403 467 458 Gentiles
494 403 562 455 ad
591 402 744 455 fidem
773 421 1061 468 conversos,
1093 409 1273 456 contra
1298 421 1453 473 quam
1484 403 1719 473 Apostoli
1745 403 1798 455 in
1829 406 2066 460 Concilio

234 486 730 553 Hierosolymitano
770 485 1162 547 constituerant,
1203 504 1307 537 non
1352 487 1631 555 baptizari
1673 486 1824 538 modo
1869 488 1960 539 sed
2014 496 2067 541 et

234 569 537 621 circuncidi
575 567 765 620 debere
800 568 1209 629 contendebant;
1249 568 1537 637 multosque
1567 569 1647 636 (ut
1675 568 1841 621 solent
1870 571 2065 637 impos-

235 660 372 702 tores
410 650 625 702 obtentu
664 650 885 720 pietatis,
933 656 987 702 et
1032 648 1267 719 improba
1306 649 1573 722 diligentia
1615 651 1755 720 apud
1801 651 2066 703 credulum

233 730 419 803 vulgus
447 731 632 784 mirum
662 739 909 802 quantum
952 731 1221 802 proficere)
1248 731 1302 783 in
1331 751 1447 784 eum
1478 750 1708 784 errorem
1736 732 2066 796 induxerant,

233 821 292 866 ut
338 813 436 866 nisi
488 832 543 867 se
592 817 895 868 circuncidi
943 820 1266 884 paterentur,
1316 814 1671 868 existimarent
1716 822 1964 868 aeternam
2009 834 2065 868 se

231 895 448 949 salutem
492 897 732 967 consequi
780 915 884 949 non
925 915 1090 967 posse.
1172 896 1453 948 Pessimam
1496 897 1629 949 hanc
1672 904 1726 950 et
1764 915 2065 968 prosperam

231 977 566 1048 imposturam
595 998 698 1031 non
725 979 898 1031 ferens
927 981 997 1033 B.
1027 980 1207 1031 Pauli
1236 978 1461 1049 spirituS,
1494 997 1721 1032 crassum
1749 979 1892 1032 illum
1923 999 2065 1033 erro-

231 1078 358 1122 rem,
397 1079 462 1113 ne
497 1061 636 1114 ultra
671 1068 920 1132 serperet,
962 1060 1157 1130 majore
1199 1078 1354 1130 quam
1389 1061 1518 1114 solet
1556 1062 1910 1133 indignatione
1953 1068 2065 1115 tota

231 1141 341 1195 fere
368 1142 601 1213 Epistola
628 1143 923 1196 insectatur.
998 1143 1171 1212 Atque
1200 1144 1336 1195 inter
1365 1144 1465 1196 alia
1492 1151 1802 1215 argumenta
1821 1145 2066 1197 admonet

236 1224 448 1278 Galatas
478 1224 586 1295 ejus
614 1228 899 1287 libertatis,
931 1243 1034 1295 qua
1063 1224 1298 1277 Christus
1332 1226 1613 1278 Ecclesiam
1653 1227 1719 1278 ab
1751 1226 1918 1279 inutili
1949 1228 2061 1297 jam

232 1314 350 1377 post
391 1307 549 1377 ipsius
594 1309 874 1361 adventum
918 1310 1297 1360 Mosaicarum
1341 1311 1763 1361 ceremoniarum
1806 1327 1962 1361 onere
2010 1316 2064 1362 et

227 1388 355 1460 jugo
384 1389 728 1453 liberaverat3
773 1391 1115 1459 hortaturque
1144 1396 1202 1442 ut
1230 1397 1435 1460 partam
1468 1390 1661 1444 Christi
1699 1398 1866 1444 morte
1906 1393 2063 1445 liber-

235 1482 398 1525 tatem
427 1479 720 1525 constanter
748 1479 1007 1534 tueantur,
1038 1490 1131 1524 nec
1147 1472 1282 1541 juyo
1311 1476 1587 1526 servitutis
1609 1472 1739 1525 colla
1761 1472 1928 1525 denuo
1947 1473 2066 1525 sub-

233 1553 389 1607 dant:
433 1555 570 1623 quod
613 1554 816 1607 omnino
864 1554 1111 1615 facerent,
1160 1554 1204 1605 si
1248 1561 1496 1607 emortuae
1536 1554 1646 1625 jam
1684 1556 1815 1623 Zeyis
1858 1557 2066 1607 rituum

232 1636 642 1689 observationem
686 1636 782 1688 sibi
820 1636 1067 1688 ducerent
1109 1654 1219 1688 esse
1262 1636 1619 1689 necessariam.
1710 1637 1863 1700 Quod
1909 1655 2065 1707 quam

230 1717 511 1790 incongrue
545 1718 614 1771 ad
659 1720 793 1788 leyes
828 1720 1097 1771 humanas
1135 1717 1287 1771 utiles
1324 1725 1376 1771 et
1405 1718 1723 1789 Reipublicae
1750 1719 2065 1772 necessarias

229 1800 656 1864 accommodetur,
676 1819 708 1853 a
730 1800 914 1870 quibus
942 1800 1122 1853 nullibi
1154 1800 1436 1872 Scripturae
1459 1802 1644 1854 docent
1674 1820 1767 1855 nos
1799 1801 2064 1855 Christum

229 1881 490 1944 liberasse,
522 1901 686 1936 caecus
715 1884 782 1936 sit
811 1890 1032 1954 oportet,
1064 1883 1152 1953 qui
1180 1902 1285 1935 non
1314 1883 1503 1937 videat.

356 1966 611 2019 XXXIV.
691 1966 898 2018 Tertius
926 1965 1050 2018 item
1079 1966 1218 2018 locus
1251 1984 1316 2018 ex
1345 1968 1604 2035 Epistola
1636 1969 1712 2018 ad
1743 1967 2064 2020 Colossenccs

230 2065 334 2100 non
370 2047 438 2100 ad
474 2050 642 2118 Leyes
680 2051 950 2101 humanas
986 2049 1051 2101 de
1086 2049 1240 2100 rebus
1270 2048 1451 2100 mediis
1478 2048 1579 2101 rite
1609 2048 1916 2101 constitutas
1944 2067 2062 2118 per-

230 2130 391 2192 tinet3
437 2131 529 2182 sed
561 2131 630 2183 ad
672 2134 951 2183 doctrinas
994 2133 1369 2199 Impostorum,
1412 2129 1500 2199 qui
1548 2130 1737 2200 populo
1764 2130 1866 2183 Dei
1894 2131 2067 2201 aliqua

232 2214 530 2281 doymatice
549 2214 922 2283 proponebant
951 2222 1011 2264 ut
1039 2215 1345 2265 neccssaria
1388 2230 1504 2282 quae
1547 2213 1691 2264 Deus
1729 2232 1832 2265 non
1871 2232 2066 2284 praece-

231 2301 410 2364 perat3
458 2295 566 2364 (qui
603 2295 701 2347 fuit
740 2313 848 2346 mos
883 2296 1288 2347 Pharisaeorum
1342 2296 1901 2357 Traditionariorum,
1938 2315 2066 2366 quos

231 2394 292 2427 eo
332 2376 535 2428 nomine
567 2376 902 2446 reprehendit
933 2376 1183 2439 Christus,
1214 2371 1446 2432 hMattl'i.
1480 2396 1584 2439 xv„
1630 2380 1786 2443 Quod
1822 2381 2066 2431 docerent

228 2460 508 2511 doctrinas
536 2462 805 2511 mandata
833 2460 1104 2511 hominum
1121 2460 1163 2527 ;)
1194 2459 1276 2512 vel
1306 2478 1334 2512 e
1364 2466 1543 2512 contra
1572 2460 1744 2529 aliqua
1765 2462 2067 2530 doymatice

220 2542 582 2610 prohibebant
610 2552 670 2593 ut
698 2542 919 2603 illicita,
952 2558 1067 2610 quae
1096 2542 1240 2594 Deus
1269 2560 1520 2611 nusquam
1551 2550 1805 2605 vetuerat,
1837 2542 2066 2595 dicentes

229 2641 332 2674 non
360 2622 513 2675 licere
541 2624 638 2675 hoc
667 2623 750 2676 vel
781 2623 906 2675 illud
941 2634 1172 2693 tanqere,
1220 2635 1456 2693 qustare,
1498 2635 1803 2677 attrectare.
1884 2626 2066 2678 Monet

229 2704 521 2775 Apostolus,
573 2712 789 2759 caveant
837 2705 931 2759 sibi
981 2724 1013 2759 a
1054 2709 1547 2776 doymatizantibus
1589 2706 1728 2760 hisce
1772 2706 2067 2761 doctoribus

1036 2889 1056 2915 h
1087 2888 1140 2937 [v.
1160 2889 1245 2937 10.]

325 3006 394 3045 33.
458 3000 520 3055 2⁰,
548 3003 649 3047 Gal.
678 3018 715 3047 v.
739 3008 779 3056 1,
810 3003 999 3047 “Stand
1032 3003 1125 3048 fast
1156 3003 1394 3048 therefore
1420 3004 1470 3046 in
1501 3002 1582 3047 the
1607 3004 1779 3061 liberty
1799 3003 2067 3047 wherewith

234 3070 389 3115 Christ
413 3072 529 3116 hath
548 3074 686 3117 made
709 3088 763 3117 us
784 3074 927 3118 free.”

324 3140 437 3185 Ans.
497 3143 609 3186 This
634 3144 782 3187 refers
802 3149 852 3188 to
872 3145 1084 3189 freedom
1105 3145 1230 3188 from
1251 3145 1333 3189 the
1353 3145 1531 3190 Mosaic
1554 3144 1849 3189 Ceremonial
1868 3144 1993 3196 Law,
2015 3157 2065 3188 as

233 3224 428 3267 appears
452 3212 515 3267 by
537 3212 616 3256 the
636 3213 784 3257 whole
808 3215 1003 3271 Epistle,
1025 3215 1117 3258 and
1138 3215 1219 3259 the
1240 3215 1419 3272 history
1440 3217 1489 3258 in
1509 3216 1590 3258 the
1610 3216 1736 3259 Acts.

328 3285 400 3324 34.
462 3279 523 3333 3⁰,
546 3282 644 3326 Col.
668 3283 715 3325 ii.
743 3287 813 3335 16,
844 3284 973 3328 “Let
994 3298 1056 3328 no
1077 3299 1188 3328 man
1221 3285 1458 3329 therefore
1478 3286 1624 3343 judge
1648 3299 1742 3343 you
1769 3285 1818 3327 in
1842 3289 1982 3337 meat,
2014 3298 2068 3328 or

233 3351 283 3393 in
307 3351 456 3404 drink,
476 3351 591 3395 &c.''

324 3421 436 3466 Ans.
502 3422 614 3467 This
644 3423 789 3467 refers
821 3428 871 3468 to
905 3424 986 3468 the
1012 3438 1177 3468 errour
1211 3425 1266 3469 of
1292 3425 1373 3469 the
1394 3425 1655 3477 Pharisees,
1683 3425 1786 3469 who
1823 3425 1992 3483 taught
2018 3440 2069 3470 as

234 3492 468 3538 doctrines
494 3493 575 3538 the
595 3495 841 3538 traditions
875 3495 929 3538 of
950 3509 1058 3538 men
1083 3488 1273 3553 (Matth.
1299 3509 1375 3539 xv.
1407 3490 1471 3555 9),
1497 3496 1735 3553 enjoining
1760 3510 1888 3540 some
1913 3496 2070 3554 things

233 3577 284 3607 as
311 3578 569 3623 necessary,
587 3565 783 3608 without
802 3565 884 3609 the
917 3566 1155 3623 authority
1176 3566 1230 3609 of
1252 3565 1372 3618 God,
1393 3567 1486 3609 and
1507 3567 1774 3623 forbidding
1799 3567 1983 3620 others3
2007 3569 2071 3625 by

232 3634 357 3678 their
381 3640 608 3693 precepts,
645 3636 846 3680 “Touoh
876 3642 974 3688 not,
1005 3641 1127 3680 taste
1154 3642 1252 3688 not,
1281 3636 1453 3680 handle
1483 3637 1608 3689 not,”
1642 3638 1739 3681 Col.
1765 3638 1810 3680 ii.
1834 3643 1906 3682 21.
1942 3638 2070 3683 'The

234 3719 398 3749 errour
418 3707 648 3751 consisted
676 3708 726 3750 in
758 3707 975 3765 teaching
1000 3707 1114 3751 such
1138 3707 1293 3764 things
1315 3722 1364 3752 as
1385 3721 1630 3766 necessary
1651 3708 1897 3754 doctrines.
1975 3710 2071 3754 But

235 3776 368 3821 there
400 3778 438 3821 is
477 3791 538 3821 no
573 3791 748 3832 errour,
781 3779 823 3822 if
853 3779 902 3822 in
939 3783 1133 3823 matters
1169 3778 1451 3833 indifferent,
1485 3793 1614 3825 some
1647 3780 1803 3837 things
1841 3780 1901 3825 be
1940 3794 2067 3825 com-

407 3884 611 3959 [SANn]
1744 3850 1813 3901 11
