2482 4166
735 613 1329 684 PRAELECTIO
1400 616 1812 697 QUARTA.

365 793 436 838 IN
464 792 608 846 QUA,
644 792 794 845 QUAE
831 791 931 835 SIT
963 787 1361 844 ADAEQUATA
1395 787 1863 835 CONSOIENTIAE
1896 788 2195 842 REGULA,

790 875 1218 927 DISQUIRITUR
1258 874 1341 917 ΕΤ
1383 873 1763 919 STATUITUR.

1105 1187 1214 1235 JAc.
1253 1187 1347 1235 IV.
1386 1187 1462 1234 12.

520 1292 658 1339 Unus
692 1291 821 1339 enim
853 1302 918 1340 est
951 1273 1235 1353 Layislacoog
1271 1292 1354 1354 qui
1379 1300 1528 1355 potest
1560 1309 1750 1341 servare
1783 1302 1825 1341 et
1849 1295 2065 1357 perdere.

370 1423 413 1475 Ι.
632 1422 809 1475 UAM
837 1442 1020 1493 parum
1050 1423 1115 1477 sit
1152 1423 1423 1494 unicuique
1460 1424 1702 1495 praesidii,
1741 1425 1809 1479 ad
1855 1427 2200 1481 Conscientiae

516 1426 624 1589 Q
675 1524 779 1557 suae
827 1506 934 1558 sive
963 1509 1232 1575 fructum,
1285 1507 1352 1559 ad
1406 1508 1750 1560 excusandum
1804 1527 1866 1561 ea
1912 1527 2028 1578 quae
2081 1510 2202 1562 hac-

370 1593 520 1640 tenus
535 1588 747 1654 fecerit,
779 1586 884 1639 sive
914 1590 1253 1641 securitatem
1281 1588 1349 1641 ad
1376 1585 1618 1665 α’φόβως
1647 1590 2056 1661 aggrediendum
2085 1608 2201 1661 quae

371 1686 526 1738 porro
554 1671 817 1737 facturus
860 1679 949 1730 est,
994 1668 1037 1721 si
1080 1687 1141 1721 ea
1180 1676 1270 1722 aut
1313 1670 1420 1722 sola
1461 1672 1583 1723 boni
1609 1673 1744 1739 finis
1777 1674 2078 1735 intentione,
2109 1680 2201 1726 aut

372 1749 524 1803 alieni
562 1756 762 1802 tantum
803 1752 1028 1821 exempli
1065 1750 1147 1803 vel
1171 1753 1380 1819 judicii
1418 1752 1725 1805 auctoritate
1768 1752 2033 1806 nitantur:
2076 1754 2201 1808 satis

371 1850 404 1884 a
432 1850 513 1884 me
542 1848 798 1901 superque
826 1831 1071 1902 proximis
1107 1832 1305 1886 duabus
1346 1833 1757 1903 praelectionibus
1792 1835 2200 1890 demonstratum

372 1920 462 1966 est.
550 1914 628 1965 Eo
678 1913 917 1965 nimirum
967 1913 1188 1977 consilio,
1243 1922 1302 1968 ut
1354 1915 1567 1968 sublatis
1613 1935 1642 1969 e
1697 1917 1864 1970 medio
1923 1917 2002 1971 his
2058 1919 2202 1972 velut

372 1993 614 2056 obicibuS,
671 1994 959 2064 expeditior
1004 1996 1130 2047 mihi
1175 2002 1227 2049 et
1274 1997 1640 2067 complanatior
1692 2006 1826 2052 esset
1873 1998 1972 2063 via,
2024 2001 2092 2053 ad
2139 2019 2201 2055 ea

372 2094 486 2146 quae
534 2076 599 2128 de
648 2077 998 2130 Conscientiae
1048 2079 1373 2147 obliyatione
1429 2079 1599 2132 dicere
1655 2080 1993 2135 institueram.
2070 2084 2201 2146 Quae

380 2160 653 2227 Obliyatio
694 2177 807 2210 cum
850 2158 916 2212 sit
952 2158 1173 2229 duplex:
1223 2161 1424 2213 Activa
1453 2161 1657 2225 scilicet,
1694 2181 1789 2233 per
1824 2181 1978 2233 quam
2006 2164 2203 2218 inducit

371 2240 523 2292 alteri
571 2240 949 2311 obligationem,
1007 2247 1060 2293 et
1101 2244 1362 2305 Passiva‚
1408 2261 1502 2312 per
1553 2262 1706 2313 quam
1752 2244 1964 2298 alterius
2007 2247 2204 2319 obliga-

372 2321 499 2374 tioni
537 2323 742 2376 subest:
786 2323 1011 2393 postulat
1062 2323 1254 2376 ordinis
1299 2324 1447 2387 ratic,
1488 2332 1547 2378 ut
1592 2344 1624 2378 a
1650 2330 1885 2396 passiva
1922 2328 2199 2382 ordiamur.

373 2405 516 2456 Tunc
555 2404 688 2457 enim
725 2405 790 2458 de
828 2424 886 2458 re
927 2417 1241 2459 mensurata
1272 2407 1497 2459 securius
1532 2409 1873 2478 pronunciare
1902 2410 2201 2481 poterimuS,

371 2492 641 2555 postquam
684 2487 1004 2540 constituerit
1048 2507 1352 2541 mensuram
1399 2488 1562 2559 ipsam
1606 2509 1716 2542 esse
1757 2490 1967 2561 justam.
2050 2494 2202 2556 Quod

374 2585 498 2637 ergo
528 2586 661 2619 nunc
682 2568 855 2638 agitur
877 2569 974 2620 hoc
996 2576 1088 2631 est,
1108 2575 1166 2620 ut
1183 2569 1498 2638 inquiramus
1520 2571 1643 2640 quid
1661 2571 1727 2625 sit
1744 2572 1798 2625 id
1828 2574 1965 2642 quod
1993 2575 2203 2645 proprie

375 2649 579 2716 obliyat
621 2649 1011 2702 Conscientiam
1032 2671 1049 2702 .·
1092 2647 1216 2711 sive,
1254 2651 1391 2719 quod
1433 2651 1569 2704 idem
1614 2660 1707 2716 est,
1746 2671 1862 2723 quae
1897 2656 1962 2708 sit
1989 2657 2202 2727 propria

468 2838 508 2878 1.
573 2837 617 2879 It
642 2835 812 2894 having
835 2836 956 2882 been
983 2840 1140 2884 shewn
1171 2842 1220 2884 in
1251 2843 1512 2886 succession
1538 2842 1646 2887 that
1674 2842 1809 2887 Good
1842 2845 2094 2898 Intention,
2120 2847 2201 2892 the

377 2906 601 2963 Example
628 2907 682 2950 of
702 2907 872 2961 others,
894 2911 986 2953 and
1011 2911 1091 2955 the
1110 2912 1141 2955 J
1144 2911 1368 2969 udgment
1390 2913 1443 2956 of
1459 2913 1629 2966 others,
1651 2915 1688 2958 is
1709 2922 1786 2958 not
1805 2929 1833 2958 a
1858 2916 1955 2959 safe
1979 2917 2102 2961 Rule
2126 2918 2201 2962 for

378 2977 671 3030 Conscience‚
692 2978 773 3022 the
798 2980 966 3025 author
986 2983 1208 3039 proceeds
1235 2987 1283 3027 to
1306 2984 1515 3028 examine
1540 2985 1662 3029 what
1682 2986 1719 3028 is
1744 2985 1824 3030 the
1844 2986 1982 3031 Rule.

469 3048 569 3091 The
601 3049 854 3106 obligation
880 3053 934 3095 of
957 3053 1236 3098 Conscience
1266 3055 1304 3098 is
1342 3055 1535 3099 twofold
1567 3054 1665 3109 (see
1695 3057 1884 3101 Proelec.
1909 3071 1960 3103 11.
1995 3058 2095 3103 Art.
2122 3055 2198 3111 2):

375 3118 456 3162 the
476 3118 627 3164 Active
649 3121 929 3179 Obligation,
954 3124 1018 3183 by
1046 3124 1196 3168 which
1225 3125 1262 3168 it
1288 3125 1493 3183 obliges3
1525 3126 1605 3171 the
1625 3128 1809 3172 Passive
1831 3128 2110 3187 Obligation,
2140 3131 2203 3189 by

375 3189 523 3233 which
544 3192 580 3234 it
600 3192 638 3235 is
659 3192 857 3249 obliged.
1758 3200 1764 3204 ’

462 3262 548 3305 We
579 3267 702 3306 must
728 3264 941 3308 consider
970 3264 1051 3309 the
1080 3267 1220 3311 latter
1244 3268 1373 3321 first3
1410 3283 1478 3312 we
1509 3274 1633 3313 must
1657 3270 1795 3314 know
1823 3270 1928 3314 that
1964 3272 2046 3317 the
2074 3273 2204 3318 Mea-

377 3346 481 3376 sure
502 3333 539 3377 is
560 3347 587 3376 a
605 3335 704 3390 just
724 3348 813 3379 one
833 3335 995 3380 before
1016 3351 1083 3382 we
1105 3352 1191 3382 can
1211 3353 1480 3397 pronounce
1502 3342 1783 3399 concerning
1802 3341 1883 3386 the
1914 3342 2047 3401 thing
2076 3358 2202 3388 mea-

377 3404 529 3448 sured.

467 3474 552 3518 We
577 3481 700 3520 must
728 3477 963 3523 therefore
994 3493 1099 3524 now
1127 3482 1308 3539 inquire
1333 3482 1458 3527 what
1479 3484 1655 3540 obliges
1680 3483 1761 3527 the
1784 3483 2079 3535 Conscience,
2100 3483 2204 3528 that

378 3543 429 3594 is,
448 3544 569 3588 what
590 3547 626 3590 is
653 3547 733 3591 the
753 3563 924 3607 proper
951 3552 1043 3594 and
1073 3553 1304 3610 adequate
1328 3554 1451 3598 Rule
1470 3559 1520 3598 to
1543 3554 1693 3598 which
1721 3553 1899 3610 aright
1921 3554 2203 3598 Conscience

378 3619 501 3658 must
521 3617 742 3663 conform.
807 3620 893 3663 We
919 3621 1038 3665 shall
1064 3625 1200 3669 make
1226 3638 1352 3670 some
1375 3626 1676 3684 explanatory
1696 3624 1938 3678 Remarks‚
1969 3624 2062 3668 and
2086 3624 2201 3669 sshffll

380 3686 498 3727 state
518 3688 694 3731 certain
719 3689 1032 3737 Conclusions.
