2482 4166
719 271 722 274 ⁴
746 263 1128 308 PRAELEGTIO
1171 263 1420 307 TERTIA.
1457 266 1460 269 ·
1931 253 2002 309 77

164 396 304 450 illam
330 412 549 458 coenam,
579 394 634 448 id
662 412 765 447 non
793 395 868 447 ita
900 392 1094 466 liquido
1130 398 1366 444 constare
1404 409 1470 443 ex
1508 390 1679 461 aliquo
1717 390 2000 461 Scripturae

163 484 326 538 textu,
358 484 416 530 ut
452 477 494 530 si
529 483 845 549 pernegetur
880 482 1052 546 posset
1090 474 1316 545 probari.
1404 474 1477 526 At
1513 472 1641 525 illud
1684 469 2000 529 ἀνακεῖσθαι

163 558 302 628 quod
336 565 415 610 est
452 558 505 610 in
544 558 856 630 EvangeliiS,
897 575 1068 610 annon
1103 555 1270 609 innuit
1303 555 1487 608 saltem
1521 566 1728 625 yestum
1766 557 1999 609 triclini-

163 660 327 702 arem,
358 639 457 692 illis
485 640 802 710 temporibus
832 647 885 692 et
912 638 1209 710 regionibus
1238 637 1544 691 familiarem
1564 637 1594 690 ?
1653 637 1766 690 Imo
1797 637 2000 690 omnino

161 741 295 795 nego
326 741 391 774 ex
419 722 525 775 solo
554 741 651 775 usu
678 722 823 776 istius
853 720 1085 775 vocabuli
1118 739 1267 792 posse
1302 719 1514 790 probari
1553 727 1747 773 certam
1775 718 2001 789 aliquam

164 807 409 875 Speciem
452 806 603 858 situS.
683 804 766 857 Ab
813 822 875 857 ea
916 806 1054 857 situs
1096 802 1280 874 specie,
1326 820 1441 872 quae
1479 802 1533 854 in
1578 804 1837 855 tricliniis
1880 802 2001 854 olim

161 887 394 941 adhibita
437 894 530 950 est,
573 887 840 957 utriusque
884 885 1023 940 vocis
1067 885 1211 957 origo
1246 883 1377 938 fuit:
1424 884 1622 937 Graecae
1664 881 1999 946 ἀνακεῖσθαι,

163 976 231 1033 et,
257 988 372 1040 quae
389 969 507 1022 huic
524 970 819 1041 respondet,
845 968 1048 1021 Latinae
1076 968 1442 1021 Discumbere.
1508 963 2000 1041 Sed-qvocabulorum.

162 1051 267 1105 vim
306 1059 358 1105 et
396 1052 597 1122 pondus
630 1052 865 1122 improbo
908 1049 1131 1103 examini
1173 1048 1421 1119 subjiciet,
1468 1048 1697 1119 quisquis
1740 1068 1816 1113 ea,
1861 1058 2000 1120 post-

162 1152 316 1205 quam
345 1134 505 1187 multo
535 1153 631 1187 usu
656 1133 979 1187 adoleverint
1009 1139 1061 1185 et
1088 1151 1142 1185 se
1170 1131 1325 1184 latius
1354 1132 1684 1185 extenderint
1724 1139 1777 1185 et
1816 1132 1999 1185 dilata-

162 1217 349 1279 verint,
380 1217 448 1270 ad
476 1216 642 1287 prima
667 1216 813 1287 quasi
838 1215 1146 1268 incunabula
1174 1232 1434 1277 revocare,
1463 1221 1517 1267 et
1554 1214 1777 1285 antiquis
1815 1214 2000 1267 finibus

159 1299 423 1352 includere
466 1299 608 1353 velit.
698 1298 1000 1370 Significant
1043 1315 1169 1370 ergo
1211 1296 1312 1349 illae
1355 1296 1602 1350 dictiones
1638 1317 1700 1351 ex
1732 1300 2001 1351 communi

162 1401 264 1436 usu
304 1384 552 1453 loquendi
598 1388 768 1435 actum
799 1381 942 1433 illum
968 1398 1068 1450 quo
1098 1398 1192 1432 nos
1221 1378 1476 1432 destinato
1505 1379 1821 1449 applicamus
1849 1380 2000 1432 alicui

160 1464 270 1517 loco
308 1465 492 1517 idoneo
536 1463 635 1517 cibi
677 1463 910 1533 capiendi
953 1481 1134 1525 causa3
1177 1479 1479 1532 quocunque
1522 1461 1728 1513 demum
1767 1465 1877 1515 situ
1916 1462 2001 1514 vel

151 1549 410 1617 positura
439 1545 666 1617 corporis
694 1545 749 1598 id
778 1545 884 1607 fiat,
920 1556 1084 1606 statu,
1116 1546 1358 1605 sessione,
1390 1545 1858 1612 inqeniculationc,
1888 1546 1998 1597 dis-

160 1631 346 1683 cubitu
373 1628 582 1700 proprie
612 1627 764 1690 dicto,
796 1627 879 1679 vel
907 1626 1137 1696 quolibet
1165 1625 1280 1679 alio.

282 1713 403 1764 XX.
493 1710 597 1764 Sed
628 1709 764 1780 quia,
809 1709 929 1762 licet
956 1727 1058 1761 non
1087 1727 1153 1762 ex
1182 1708 1235 1761 vi
1265 1707 1403 1761 vocis
1428 1704 1762 1772 ἀνακεῖσθαι,
1792 1708 2000 1762 aliunde

160 1802 333 1849 tamen
375 1795 462 1863 (ex
505 1792 810 1863 quibusdam
854 1791 1046 1844 scilicet
1087 1790 1318 1844 historiae
1362 1791 1775 1861 circumstantiis)
1823 1791 1998 1864 colligi

160 1878 367 1931 videtur
395 1876 671 1929 admodum
689 1873 1041 1945 probabiliter,
1070 1876 1343 1929 Christum
1371 1884 1421 1927 et
1438 1876 1721 1944 Apostolos
1749 1874 1803 1927 in
1832 1874 2001 1945 prima

160 1960 248 2014 illa
265 1978 407 2013 coena
424 1970 576 2029 yestu
598 1976 716 2011 usos
746 1958 1051 2010 tricliniari
1069 1977 1086 2009 .·
1123 1958 1396 2010 observate
1423 1969 1634 2027 quarto,
1663 1976 1824 2010 novos
1846 1957 1999 2009 hosce

158 2043 454 2096 Dictatores
481 2048 683 2095 nostros
710 2039 814 2112 legi
842 2039 930 2102 illi,
962 2058 1115 2110 quam
1142 2039 1217 2091 ita
1246 2057 1426 2092 severe
1467 2039 1736 2109 imponunt
1776 2039 2000 2091 fratrum

159 2144 367 2179 suorum
415 2123 748 2186 conscientiiS,
804 2122 1048 2193 ipsosmet
1088 2121 1293 2174 interim
1336 2139 1440 2173 non
1482 2139 1682 2191 parere.
1765 2121 1821 2175 Si
1864 2121 2000 2174 enim

168 2209 414 2262 Christus
441 2207 495 2258 in
523 2224 670 2258 sacra
696 2222 839 2257 coena
865 2203 1181 2257 instituenda
1205 2214 1357 2277 yestu
1385 2221 1506 2256 usus
1545 2203 1612 2257 sit
1651 2205 1955 2257 tricliniari
1976 2224 1996 2265 ;

161 2288 479 2360 exporrectis
508 2288 700 2341 scilicet
728 2287 783 2338 in
811 2287 1072 2339 substrato
1103 2285 1289 2338 lectulo
1318 2285 1535 2356 pedibus
1559 2292 1611 2339 et
1637 2293 1748 2340 tota
1767 2286 1998 2358 corporis

159 2379 310 2442 parte
350 2371 607 2433 inferiore,
639 2368 902 2439 superiore
945 2368 998 2420 in
1041 2367 1269 2421 cubitum
1310 2368 1589 2422 reclinata:
1631 2388 1721 2422 cur
1759 2368 1844 2422 isti
1883 2369 1997 2439 ipsi,

160 2454 249 2524 qui
312 2454 409 2506 hoc
474 2450 872 2524 argumentandi
928 2468 1121 2522 genere
1178 2458 1286 2503 tam
1340 2469 1554 2521 operose
1608 2458 1842 2514 utuntur,
1902 2452 2000 2503 hoc

168 2538 374 2591 Christi
396 2536 702 2605 exemplum,
732 2533 891 2603 (quod
919 2539 998 2586 est
1026 2539 1166 2586 certe
1192 2534 1499 2603 imitabilc,)
1525 2552 1630 2587 non
1662 2536 1954 2587 imitantur
1971 2534 2000 2586 Ρ

164 2620 270 2672 Cur
316 2637 419 2670 non
464 2617 559 2671 sibi
612 2618 826 2670 lectulos
875 2622 1064 2685 parant
1105 2622 1158 2668 et
1207 2617 1473 2677 triclinia,
1520 2623 1578 2669 ut
1621 2616 1690 2669 sic
1738 2617 1805 2669 ab
1862 2616 2001 2668 omni

159 2699 446 2753 necessaria
466 2699 520 2752 in
539 2717 651 2752 eam
669 2717 780 2751 rem
802 2697 1102 2767 supellectili
1130 2697 1382 2760 instructi,
1408 2698 1588 2751 eodem
1619 2717 1720 2769 quo
1752 2700 2001 2753 Christus

160 2794 209 2836 et
237 2784 485 2852 Apostoli
512 2789 663 2854 gestu
688 2799 847 2833 sacrae
877 2798 1065 2833 mensae
1094 2778 1371 2851 participes
1400 2779 1528 2835 fiant
1554 2782 1583 2834 ?
1640 2782 1690 2834 A
1720 2799 1820 2851 quo
1847 2792 2000 2850 yestu

162 2872 269 2918 tam
297 2865 561 2918 discedere
598 2870 797 2917 certum
832 2869 911 2916 est
950 2881 1037 2915 eos
1072 2862 1159 2933 qui
1200 2873 1350 2916 stant
1388 2871 1480 2917 aut
1518 2866 1712 2927 sedent,
1759 2864 1999 2934 (quorum

250 3064 322 3104 20.
384 3060 478 3104 But
507 3059 620 3117 they
643 3073 752 3118 may
776 3059 923 3117 reply,
953 3058 1058 3102 that
1089 3058 1132 3101 if
1163 3062 1247 3102 not
1282 3057 1408 3102 from
1434 3056 1514 3101 the
1547 3058 1689 3110 word,
1724 3057 1762 3101 it
1797 3069 1997 3114 appears

163 3128 286 3174 from
306 3130 440 3174 other
459 3132 816 3175 circumstances
837 3131 941 3174 that
963 3129 1118 3173 Christ
1138 3129 1232 3173 and
1252 3129 1323 3174 his
1356 3129 1573 3187 Apostles
1600 3129 1681 3173 did
1712 3142 1795 3173 use
1821 3142 1848 3171 a
1869 3128 1999 3172 table

165 3205 369 3256 posture.

254 3270 340 3313 We
385 3284 572 3323 answer,
609 3270 713 3316 that
748 3271 861 3331 they
886 3272 946 3317 do
981 3277 1065 3317 not
1091 3278 1166 3317 act
1204 3287 1334 3331 upon
1369 3272 1463 3317 this
1488 3270 1612 3316 their
1650 3271 1890 3315 assertion.
1952 3270 2000 3313 It

166 3354 361 3398 appears
385 3340 489 3384 that
512 3341 665 3385 Christ
688 3344 893 3394 reclined
918 3358 979 3388 on
1004 3359 1032 3388 a
1058 3344 1233 3389 couch:
1275 3344 1379 3402 why
1405 3344 1465 3388 do
1490 3348 1575 3387 not
1593 3343 1707 3401 they
1730 3342 1905 3386 recline
1937 3355 1999 3385 on

169 3410 399 3455 couches?
457 3411 600 3455 From
632 3412 724 3455 this
758 3418 963 3470 posture,
988 3415 1102 3473 they
1131 3414 1234 3459 who
1257 3415 1408 3468 stand,
1440 3415 1534 3458 and
1558 3414 1672 3471 they
1695 3413 1799 3457 who
1821 3414 1895 3466 sit,
1918 3413 1998 3457 de-

168 3487 287 3539 part,
307 3496 357 3526 as
377 3482 450 3525 far
470 3496 519 3526 as
543 3482 656 3540 they
680 3482 783 3525 who
807 3484 960 3527 kneel.

262 3553 393 3611 They
413 3552 558 3611 reply,
583 3553 686 3596 that
710 3553 791 3597 the
812 3554 1017 3611 practice
1047 3554 1102 3598 of
1124 3555 1352 3615 reclining
1371 3555 1455 3602 has
1486 3556 1681 3602 become
1706 3555 1917 3602 obsolete
1947 3556 1998 3599 in

167 3623 259 3668 this
280 3638 365 3668 our
380 3629 576 3668 western
600 3624 744 3668 world
758 3640 770 3675 ;
806 3624 893 3667 but
916 3623 1021 3668 that
1044 3639 1113 3668 we
1138 3639 1218 3669 are
1237 3626 1411 3672 holden
1442 3634 1494 3672 to
1532 3629 1614 3672 the
1645 3642 1773 3673 same
1805 3633 1997 3685 posture

167 3693 217 3736 in
234 3694 362 3746 kind,
390 3696 588 3753 namely,
608 3695 733 3738 what
753 3696 790 3738 is
810 3708 913 3738 now
934 3694 1015 3738 the
1039 3693 1166 3738 table
1191 3702 1397 3752 posture,
1416 3713 1467 3743 as
1491 3699 1721 3755 reclining
1745 3712 1836 3742 was
1862 3697 1993 3742 then.

164 3764 269 3818 ,Our
288 3765 447 3822 sitting
467 3766 505 3809 is
526 3766 776 3822 analogous
797 3770 846 3809 to
869 3765 991 3809 their
1011 3766 1252 3822 reclining.
