2482 4166
405 269 509 320 148
664 278 750 321 DE
791 276 1019 323 LEGUM
1058 276 1484 323 HUMANARUM
1526 274 1976 322 OBLIGATIONE.

406 405 748 469 meminerint,
778 424 955 459 eorum
983 408 1182 476 leqibus
1205 411 1258 459 et
1286 407 1545 475 imperiis,
1577 422 1793 475 quorum
1814 406 2006 472 yladio
2036 410 2089 456 et
2116 422 2243 456 auc-

410 492 629 542 toritate
670 507 703 541 a
739 488 1102 542 sceleratorum
1136 488 1334 560 injuriis
1372 487 1733 551 defenduntur,
1774 486 1829 539 in
1865 485 2097 540 omnibus
2127 503 2242 556 quae

408 571 477 624 ad
495 573 780 640 publicam
808 573 1035 625 salutern
1063 571 1272 634 faciunt,
1305 571 1677 641 obtemperare.

524 655 646 709 XX.
737 654 841 706 Sed
866 656 1121 706 hactenus
1164 655 1535 722 obtemperare,
1564 653 1650 719 (ne
1680 651 1792 721 quis
1819 651 1919 705 ista
1947 669 2063 721 quae
2106 649 2244 703 dicta

409 741 530 789 sunt
568 754 712 789 secus
749 754 903 805 quam
943 752 1039 804 par
1069 740 1148 787 est
1188 734 1582 803 interpretetur)
1625 739 1685 786 ut
1712 732 1862 785 simul
1899 732 2241 795 meminerint,

408 818 477 871 ad
514 818 647 870 hanc
685 816 1027 870 obedientiam
1067 814 1415 885 praestandam
1453 832 1508 866 se
1549 832 1653 866 non
1690 814 1830 867 ultra
1867 814 2050 877 teneri,
2090 832 2244 884 quam

409 907 502 952 aut
533 900 897 969 qratitudinis
926 900 1072 950 ratio
1101 903 1192 948 aut
1220 897 1457 966 publicoe
1486 898 1567 949 rei
1595 897 1746 949 salus
1774 895 2030 966 postulat:
2075 903 2128 948 61
2157 895 2244 948 01)-

410 982 692 1035 servandas
722 998 831 1033 esse
857 982 1021 1048 Leyes
1047 984 1356 1049 potestatem
1384 977 1571 1047 injuste
1605 977 1926 1048 possidentiS,
1954 996 2063 1041 non,
2099 976 2245 1047 quasi

410 1063 514 1115 ullo
554 1062 854 1133 imperantis
875 1061 995 1131 jure
1034 1062 1405 1130 obliyatoria&
1435 1060 1526 1113 sed
1561 1061 1640 1128 (ut
1667 1067 1810 1113 recte
1848 1062 2146 1130 PAquinas)
2176 1060 2244 1112 ad

410 1145 676 1197 vitandum
718 1144 1041 1197 scandalum
1084 1141 1168 1195 vel
1211 1144 1568 1195 turbationem
1608 1143 1957 1211 Reipublicae.
2036 1143 2100 1194 In
2144 1160 2244 1211 quo

412 1245 533 1280 casu
561 1226 748 1296 (inquit
788 1225 895 1295 ille)
925 1224 1079 1278 debet
1107 1223 1220 1294 quis
1251 1226 1378 1292 jure
1406 1243 1500 1278 suo
1542 1226 1720 1278 cedere
1740 1244 1756 1277 ‚⁹
1797 1224 1935 1293 quod
1963 1229 2016 1276 et
2057 1224 2246 1294 probat

412 1327 478 1362 ex
520 1309 618 1361 illis
660 1307 852 1361 Christi
890 1306 1078 1370 verbiS,
1109 1309 1314 1360 Matth.
1337 1325 1384 1360 v.
1409 1308 1498 1369 40,
1523 1308 1612 1368 41,
1658 1308 1740 1359 Ei
1782 1309 1878 1376 qui
1919 1307 2034 1359 vult
2078 1316 2245 1359 tecum

412 1394 649 1462 litiyare,
694 1402 743 1444 et
788 1392 1028 1443 tunicam
1070 1400 1220 1442 tuam
1263 1408 1468 1459 capere,
1512 1390 1723 1442 dimitte
1767 1400 1817 1442 et
1849 1389 2126 1459 pallium:
2164 1390 2245 1440 Et

412 1476 509 1544 qui
539 1485 585 1527 te
615 1474 935 1543 anyariabit
964 1475 1040 1524 ad
1067 1474 1287 1525 miliare
1314 1490 1495 1534 unum,
1527 1473 1622 1524 abi
1651 1490 1771 1524 cum
1799 1490 1855 1524 eo
1884 1473 2005 1525 duc.
2068 1471 2248 1523 Potest

413 1573 540 1627 ergo
563 1556 691 1625 quis,
721 1562 773 1608 et
803 1556 977 1625 (prout
998 1572 1082 1607 res
1104 1553 1286 1625 exigit)
1315 1554 1484 1616 debet,
1516 1553 1670 1606 etiam
1689 1557 1930 1623 privatae
1942 1554 2123 1622 paci3‚
2155 1552 2246 1606 sed

412 1638 573 1691 multo
622 1656 747 1709 ergo
793 1636 956 1708 magis
1003 1638 1238 1705 publicae
1287 1637 1712 1703 tranquillitatis
1760 1654 1929 1702 causa,
1974 1637 2102 1704 jure
2150 1653 2245 1687 suo

413 1723 591 1774 cedere
607 1740 627 1782 ,·
671 1726 724 1772 et
754 1719 815 1782 ei,
859 1717 943 1789 qui
974 1717 1261 1788 imperandi
1296 1717 1382 1787 jus
1410 1736 1513 1770 non
1539 1717 1713 1780 habet,
1754 1734 1954 1788 parere.
2045 1716 2149 1770 Sed
2192 1722 2246 1769 61

410 1802 496 1855 1116
536 1803 724 1856 iterum
754 1808 902 1854 cauto
942 1818 1070 1871 opus
1106 1806 1199 1861 est,
1242 1799 1397 1869 idque
1426 1799 1510 1853 vel
1548 1798 1801 1852 maxime:
1845 1806 1904 1853 ut
1942 1798 2131 1852 scilicet
2172 1798 2246 1852 ita

399 1886 528 1953 jure
565 1904 659 1938 suo
700 1884 863 1945 cedat,
914 1901 980 1935 ne
1024 1882 1148 1952 quid
1191 1900 1251 1935 eo
1291 1888 1441 1952 pacto
1468 1883 1592 1950 juri
1630 1884 1853 1935 decedat
1895 1883 2086 1935 aliene.
2177 1880 2246 1933 Id.

404 1966 546 2036 juste
566 1973 619 2019 61
636 1966 921 2036 prudenter
942 1964 1080 2017 cavit
1098 1965 1395 2026 Abraham,
1421 1966 1548 2017 Gen.
1573 1962 1694 2026 xiv„
1726 1964 2007 2036 dumRegi
2031 1962 2244 2016 Sodom-

412 2067 558 2100 orum
598 2048 669 2101 sic
712 2046 936 2120 gratiam
986 2046 1109 2099 fecit
1150 2045 1316 2116 partis
1358 2063 1463 2098 suae
1502 2047 1943 2108 acrothiniorum,
1991 2064 2106 2115 quae
2149 2044 2245 2097 sibi

413 2149 478 2183 ex
505 2130 716 2184 devictis
744 2129 967 2199 quinque
997 2127 1207 2200 regibus
1231 2129 1359 2196 jure
1386 2129 1511 2180 belli
1538 2126 1592 2179 in
1620 2127 1851 2197 praedam
1879 2133 2155 2189 cesserant,
2185 2133 2245 2179 ut

413 2219 466 2265 et
494 2214 762 2266 sacerdoti
784 2230 876 2266 sua
906 2210 1116 2273 decima,
1150 2216 1202 2263 et
1223 2209 1389 2263 tribus
1414 2211 1538 2262 belli
1565 2211 1728 2263 sociis
1751 2209 1819 2261 ad
1840 2227 1957 2262 suas
1985 2208 2246 2280 portiones

403 2294 491 2365 jus
518 2294 778 2367 integrum
803 2299 1111 2346 remaneret.
1190 2292 1417 2344 Proinde
1445 2294 1598 2361 reqni
1625 2294 1870 2345 invasori
1898 2291 1969 2344 sic
1997 2297 2245 2361 praestan-

412 2377 535 2429 dum
566 2384 644 2430 est
670 2376 983 2448 obsequium,
1025 2382 1084 2428 ut
1111 2374 1330 2427 fidelitas
1370 2375 1603 2443 leyitimo
1635 2376 1837 2427 hoeredi
1876 2373 2053 2427 debita
2081 2372 2245 2426 nulla-

413 2465 564 2511 tenus
591 2460 825 2521 violetur,
856 2476 950 2510 nec
979 2456 1175 2527 aliquid
1204 2456 1295 2509 fiat
1323 2456 1376 2508 in
1398 2456 1532 2526 juris
1562 2455 1640 2509 sui
1668 2455 2035 2527 praejudicium.

533 2541 683 2593 XXI.
770 2542 848 2593 At
893 2539 980 2609 qui
1029 2539 1125 2591 hoc
1173 2538 1285 2590 fieri
1326 2538 1543 2608 potest?
1585 2537 1798 2607 inquies.
1888 2538 2040 2601 Quod
2095 2536 2246 2608 regni

414 2619 638 2673 invasori
681 2628 890 2693 gratum
934 2627 1027 2683 est,
1074 2638 1178 2672 non
1228 2626 1398 2690 potest
1437 2621 1670 2688 leyitimo
1698 2622 1950 2690 principi
1985 2638 2088 2673 non
2133 2637 2245 2672 esse

737 2811 758 2838 p
785 2805 894 2842 Sum.
914 2804 1054 2842 Theol.
1076 2805 1149 2841 lma
1166 2803 1249 2851 2¹⁸⁹,
1279 2803 1428 2848 Quaest.
1455 2803 1555 2841 xcvi.
1580 2804 1673 2842 Art.
1686 2806 1724 2841 4.
1744 2804 1916 2841 conclus.

508 2943 578 2982 20.
641 2938 737 2981 But
772 2937 868 2982 also
899 2938 937 2981 it
974 2937 1012 2982 is
1050 2941 1100 2981 to
1136 2936 1197 2982 be
1226 2937 1505 2981 recollected
1530 2936 1634 2983 that
1658 2936 1771 2993 they
1795 2950 1875 2979 are
1900 2940 1984 2980 not
2007 2935 2167 2980 bound
2192 2939 2242 2978 to

417 3009 536 3067 obey
560 3008 745 3052 further
767 3008 882 3052 than
906 3008 1039 3053 these
1064 3009 1267 3066 grounds
1291 3008 1690 3065 hold,--namely,
1721 3022 1750 3050 a
1776 3011 1938 3051 return
1961 3006 2037 3050 for
2060 3011 2243 3064 protec-

417 3081 531 3133 tion,
557 3080 650 3123 and
675 3094 703 3123 a
728 3093 834 3123 care
858 3079 933 3124 for
959 3079 1039 3124 the
1063 3079 1221 3137 public
1247 3080 1376 3136 quiet
1406 3079 1499 3122 and
1523 3078 1736 3122 comfort.
1801 3078 1858 3121 In
1883 3077 1997 3122 such
2022 3090 2149 3121 cases
2174 3090 2243 3120 we

419 3165 527 3209 may
550 3152 653 3208 g1ve
678 3164 742 3208 up
768 3164 855 3195 our
878 3151 1039 3208 rights,
1065 3151 1314 3207 according
1338 3155 1387 3194 to
1408 3150 1489 3194 the
1514 3154 1744 3207 precepts,
1769 3148 1938 3192 Matth.
1967 3163 2009 3192 v.
2040 3152 2111 3199 40,
2131 3152 2201 3190 41.

504 3224 599 3265 But
638 3236 706 3266 we
745 3226 869 3266 must
909 3222 1018 3266 take
1054 3236 1173 3274 care,
1210 3223 1260 3264 in
1286 3222 1442 3279 giving
1468 3235 1532 3277 up
1565 3235 1651 3264 our
1675 3220 1836 3278 rights,
1859 3224 1943 3263 not
1976 3224 2026 3262 to
2051 3219 2154 3275 give
2180 3232 2244 3276 up

417 3293 551 3337 those
589 3294 642 3337 of
671 3293 807 3337 other
839 3307 1046 3351 persons.
1113 3294 1175 3337 So
1201 3293 1451 3344 Abraham,
1485 3292 1601 3335 Gen.
1625 3292 1713 3335 xiv.
1744 3295 1812 3343 21,
1844 3292 1894 3333 in
1929 3290 2159 3346 restoring
2194 3294 2245 3332 to

419 3364 500 3407 the
526 3364 652 3422 King
686 3364 741 3408 of
775 3365 949 3408 Sodom
979 3365 1050 3409 his
1078 3368 1315 3422 property,
1338 3363 1555 3407 reserved
1580 3362 1662 3407 the
1686 3362 1829 3407 tithes
1854 3361 2005 3404 which
2035 3360 2096 3403 he
2129 3373 2245 3416 gave

419 3439 469 3478 to
494 3435 821 3488 Melchisedek,
847 3436 940 3479 and
965 3436 1046 3479 the
1071 3437 1281 3493 portions
1307 3434 1457 3478 which
1481 3447 1601 3477 were
1632 3434 1723 3477 due
1753 3437 1803 3477 to
1833 3432 1904 3476 his
1936 3431 2070 3475 three
2096 3431 2240 3473 allies.

419 3505 476 3547 In
499 3506 593 3549 like
624 3520 832 3558 manner,
869 3507 1121 3551 obedience
1146 3507 1185 3550 is
1209 3511 1259 3550 10
1289 3506 1349 3549 be
1374 3504 1604 3549 rendered
1624 3509 1674 3548 to
1699 3517 1760 3546 an
1784 3515 1981 3558 usurper
2003 3502 2053 3543 in
2078 3500 2192 3543 such
2217 3513 2246 3542 a

418 3589 612 3619 manner
636 3576 739 3620 that
763 3590 831 3620 we
853 3578 912 3621 do
937 3583 1022 3622 not
1045 3578 1213 3623 violate
1239 3590 1324 3621 our
1349 3577 1529 3634 fidelity
1553 3580 1602 3619 to
1627 3574 1708 3619 the
1733 3573 1989 3630 legitimate
2014 3570 2132 3623 heir,
2156 3584 2245 3614 nor

422 3647 656 3701 prejudice
681 3647 752 3689 his
776 3647 937 3704 rights.

513 3720 582 3758 21.
650 3717 884 3775 Objection.
959 3719 1053 3762 But
1091 3718 1196 3763 how
1231 3733 1319 3763 can
1353 3718 1445 3763 this
1476 3718 1537 3763 be
1572 3716 1726 3761 done?
1781 3714 1819 3758 it
1849 3727 1956 3774 may
1985 3714 2045 3758 be
2084 3712 2239 3769 asked.
