2482 4166
401 301 507 352 2141
588 309 674 352 DE
715 307 944 354 LEGUM
983 305 1408 354 HUMANARUM
1450 307 1654 354 CAUSA
1692 307 2088 353 EFFIOIENTE.

408 445 463 492 et
495 440 654 492 Juris
690 457 804 491 cum
841 439 1034 504 civilis,
1065 444 1175 490 tum
1203 438 1367 491 nostri
1400 437 1688 510 Anglorum
1728 439 2076 508 municipalis·
2107 438 2239 491 Con-

410 521 677 584 sultorum,
710 539 826 591 quae
855 520 1044 591 passim
1071 527 1345 574 occurrunt
1374 520 1728 591 frequentibus
1760 520 2087 574 testimoniis:
2130 522 2240 574 Nos

412 604 744 675 paucissimis,
774 610 834 656 ut
861 603 915 655 in
942 622 1003 655 re
1031 603 1318 668 manifesta,
1342 604 1567 657 contenti
1592 603 1796 657 erimus,
1858 605 2052 675 Legem
2076 606 2241 656 Prin-

410 689 554 757 cipis
607 704 733 757 opus
790 703 900 739 esse
957 692 1192 738 asserunt
1249 687 1575 751 Aristotele&
1640 687 1987 753 PlutarchuS,
2053 686 2242 756 aliique

412 769 667 822 innumeri
707 768 914 839 optimae
958 774 1095 820 notae
1140 773 1392 820 auctores,
1476 767 1582 820 Sed
1627 767 1876 837 imprimis
1920 768 2121 821 celebre
2163 775 2242 821 est

413 851 540 904 illud
579 855 604 887 ‘1
628 853 872 921 Ulpiani,
913 850 1051 920 quod
1079 849 1132 901 in
1160 850 1198 902 J
1200 868 1293 902 ure
1331 850 1567 901 Romano
1601 849 1839 912 habetur,
1885 850 2034 914 Quod
2077 853 2243 903 Prin-

414 935 528 1005 cipi
572 935 794 1004 placuit
849 934 1014 1002 Leyis
1066 933 1225 984 habet
1276 934 1524 1001 vicorem.
1615 932 1782 994 Quod,
1835 949 1902 984 ne
1949 928 2137 991 ἁπλῶς
2191 938 2244 985 et

413 1034 687 1087 perperam
713 1015 1025 1070 intellectum
1056 1013 1342 1085 tyrannicae
1365 1012 1696 1066 dominationi
1718 1013 1854 1066 viam
1879 1020 2080 1067 struere
2104 1013 2245 1067 vide-

413 1105 549 1166 atur,
585 1098 655 1151 sic
685 1098 805 1151 olim
841 1095 1086 1168 explicuit
1124 1099 1463 1150 rBractonus
1504 1103 1740 1150 nostras:
1789 1099 1943 1157 Quod
1980 1099 2245 1167 Principi

406 1182 626 1251 placuit
642 1201 662 1241 ;
706 1179 761 1232 id
791 1186 884 1242 est,
929 1197 1032 1231 non
1061 1178 1303 1248 quicquid
1333 1185 1411 1231 est
1439 1197 1472 1231 a
1500 1180 1650 1250 Rege
1679 1185 1873 1232 temere
1911 1185 1964 1231 et
1997 1197 2063 1231 ex
2087 1179 2244 1231 animi

412 1262 705 1333 perturbati
750 1262 948 1332 impetu
997 1262 1220 1331 quodam
1263 1268 1317 1313 et
1363 1268 1491 1314 aestu
1540 1268 1925 1332 praesumptum,
1973 1260 2066 1313 sed
2104 1261 2243 1331 quic-

412 1345 536 1415 quid
576 1365 641 1398 ex
681 1348 1013 1414 fflaynatum
1054 1363 1273 1398 suorum
1311 1345 1547 1406 consilio,
1586 1343 1732 1415 regio
1775 1361 1984 1395 assensu
2025 1343 2243 1396 auotori-

411 1428 573 1481 tatem
602 1434 900 1499 praestante,
938 1434 990 1479 et
1019 1428 1212 1479 habita
1254 1445 1413 1496 super
1451 1427 1547 1480 hoc
1580 1427 1966 1479 deliberatione
2008 1436 2058 1478 et
2101 1436 2242 1479 trac-

415 1521 535 1564 tatu
565 1511 656 1579 (sic
686 1511 819 1563 enim
848 1509 933 1562 ille
973 1509 1220 1579 loquitur)
1252 1520 1388 1562 recte
1412 1511 1598 1579 fuerit
1636 1511 1929 1578 definitum.
2011 1507 2149 1571 Quin
2189 1514 2243 1561 et

412 1592 465 1644 in
494 1594 531 1646 J
534 1612 626 1646 ure
654 1600 847 1654 nostr0,
885 1599 938 1645 et
963 1591 1018 1643 in
1052 1591 1362 1661 quotidianis
1404 1591 1725 1661 processibus
1760 1589 1996 1661 juridicis
2036 1590 2091 1642 in
2127 1590 2241 1642 foro

415 1676 748 1737 contentios0‚
807 1693 872 1727 ex
929 1673 1123 1727 solenni
1175 1674 1396 1726 formula
1452 1676 1638 1742 Reqioe
1703 1675 1871 1742 Leyes
1928 1672 2027 1725 dici
2076 1672 2242 1725 solent

415 1756 562 1827 (OEhss
605 1756 815 1826 Zang’ss
852 1755 1083 1826 3Lainss):
1135 1774 1239 1808 non
1281 1755 1434 1808 aliam
1472 1756 1537 1808 ob
1573 1773 1793 1818 causam,
1833 1762 1892 1807 ut
1927 1773 2019 1807 nos
2059 1755 2241 1806 docue-

413 1848 537 1894 runt
579 1843 616 1894 J
618 1840 724 1894 uris
763 1839 926 1893 nostri
966 1838 1136 1909 periti,
1177 1856 1330 1908 quam
1368 1837 1506 1907 quod
1543 1839 1712 1906 Reyes
1740 1838 1955 1906 Anylice
1993 1836 2094 1888 sint
2108 1838 2242 1905 fons

402 1925 638 1992 justitio&
676 1934 726 1977 et
762 1925 968 1992 Leyum
986 1942 1005 1983 ;
1050 1927 1103 1974 et
1150 1920 1378 1993 Legibus
1419 1919 1542 1989 ipsis
1589 1919 1731 1990 (ipsis
1773 1918 1974 1991 legibus
2018 1918 2240 1989 idipsum

414 2003 702 2078 αὑτολεξεῖ
746 2003 1123 2076 profitentibus)
1166 2012 1228 2055 ut
1246 2021 1354 2071 pro
1382 2003 1618 2071 Leyibus
1659 2003 1962 2054 habeantur
1995 2000 2098 2054 vim
2135 2018 2240 2052 om-

413 2100 532 2141 nem
571 2087 865 2159 imponendi
900 2087 1127 2139 habeant
1168 2102 1458 2137 concessam
1499 2083 1595 2136 sibi
1635 2102 1669 2136 a
1716 2084 1831 2136 Deo
1875 2079 2241 2158 Βαύτοκρατο-

413 2168 564 2248 ρικῆν
607 2178 931 2242 potestatem.
1019 2170 1097 2221 Ut
1132 2167 1261 2220 nihil
1296 2167 1363 2220 sit
1389 2183 1532 2237 opuS,
1563 2165 1617 2218 in
1644 2165 1878 2236 pluribus
1906 2165 2242 2238 congerendis

414 2253 716 2308 testimoniis
745 2269 956 2324 operam
985 2251 1233 2304 collocare
1261 2268 1364 2302 non
1392 2248 1745 2301 necessariam.

540 2338 638 2390 XI.
709 2336 813 2389 Sed
851 2334 986 2388 enim
1023 2340 1077 2387 et
1114 2332 1226 2386 istis
1264 2330 1589 2403 supersederi
1616 2331 1881 2402 potuisset,
1921 2330 1965 2383 si
2005 2348 2108 2382 non
2135 2335 2242 2382 tam

413 2418 566 2471 clarae
594 2418 695 2471 luci
722 2418 937 2472 nebulas
966 2416 1231 2469 offundere
1266 2420 1479 2467 conatus
1516 2420 1668 2476 esset,
1712 2412 2031 2484 putidissimo
2068 2430 2159 2465 suo
2190 2419 2243 2465 et

415 2508 536 2554 ante
573 2501 685 2554 haec
723 2500 945 2554 infelicia
989 2506 1225 2569 tempora
1265 2496 1494 2550 inaudito
1523 2495 1785 2569 figmentO,
1831 2496 1896 2549 de
1926 2496 2244 2550 coordinata

463 2689 485 2715 'q
511 2680 651 2728 [Libro
663 2681 700 2718 Ι.
719 2677 941 2718 Institutt.':
958 2680 1290 2717 conf.Justinian.
1371 2679 1492 2726 dente,
1514 2677 1622 2724 jaste
1642 2677 1778 2725 fuerit
1806 2674 2005 2723 definitum
2034 2677 2071 2711 et
2096 2684 2242 2722 appro-

416 2743 599 2780 lnstitut.
621 2742 708 2778 Lib.
733 2753 764 2778 1.
785 2743 866 2779 Tit.
885 2742 924 2778 ii.
946 2742 1050 2778 Sect.
1070 2741 1125 2789 6.]
1370 2740 1531 2788 batum]

464 2811 479 2830 ¹·
507 2804 589 2852 [De
617 2803 745 2851 Legg.
774 2804 946 2851 Angliae,
973 2803 1059 2839 Lib.
1092 2814 1119 2838 1.
1148 2814 1234 2849 cap.
1265 2802 1291 2838 i.
1418 2809 1432 2828 ⁸
1462 2801 1538 2838 Cui
1555 2799 1994 2848 αὐτοκρατορικήν
2017 2799 2165 2847 leqibus
2181 2798 2244 2846 ip-

414 2865 485 2901 fol.
505 2867 539 2901 1.
563 2877 693 2901 ...cum
712 2865 808 2913 leqis
824 2866 993 2913 viqorem
1011 2865 1165 2910 habeat,
1183 2864 1292 2912 quic-
1368 2864 1424 2900 sis
1442 2864 1565 2912 lequm
1578 2864 1654 2899 vim
1668 2862 1887 2910 imponendi
1894 2866 2125 2909 potestatem
2135 2861 2247 2897 Deus

415 2927 576 2975 quidde
595 2927 757 2963 consilio
783 2931 819 2962 et
846 2927 893 2963 de
919 2938 1102 2963 consensu
1128 2936 1292 2974 mayna-
1370 2924 1680 2962 dedit.—Finch.
1722 2925 1958 2971 Νομοτεχυ.
1996 2923 2037 2959 in
2072 2922 2244 2970 Epistol.

416 2993 506 3034 tum,
537 2993 572 3025 et
597 2989 820 3037 reipublicoe
856 2989 1044 3025 communi
1076 2988 1291 3036 sponsione,
1370 2988 1538 3024 dedicat.
1561 2986 1629 3035 [ad
1646 2986 1787 3024 Jacob.
1805 2986 1857 3023 R.
1876 2997 1917 3033 p.
1933 2983 2007 3033 vi.]

416 3052 652 3089 auctoritate
684 3053 789 3101 reqis
815 3053 894 3090 sive
918 3051 1120 3099 principis
1139 3062 1291 3098 praece-

513 3169 583 3208 10.
618 3163 870 3221 Arqument
887 3162 1067 3208 Second.
1092 3163 1719 3221 Philosophers,Historians,
1734 3162 1918 3213 Jurists,
1930 3159 2047 3204 both
2061 3160 2246 3205 Roman

415 3236 509 3279 and
528 3235 735 3293 English,
764 3235 924 3292 testify
950 3240 998 3278 to
1037 3234 1118 3278 the
1150 3248 1290 3278 same.
1370 3235 1470 3278 The
1505 3235 1583 3278 old
1609 3234 1781 3278 maxim
1806 3232 1860 3276 of
1882 3232 2070 3289 Ulpian‚
2103 3231 2245 3275 “The

414 3307 619 3351 Prince's
651 3307 863 3364 pleasure
890 3305 973 3350 has
998 3306 1080 3348 the
1109 3305 1237 3349 force
1263 3305 1317 3349 of
1343 3305 1495 3358 Law,”
1519 3306 1558 3350 is
1585 3306 1689 3349 well
1710 3305 1893 3347 known.
1968 3302 2079 3346 This
2104 3303 2143 3346 is
2170 3316 2245 3345 ex-

414 3378 605 3435 plained
634 3378 697 3436 by
731 3379 948 3429 Bracton,
988 3376 1130 3420 “The
1166 3377 1371 3420 Prince’s
1403 3377 1632 3435 pleasure,
1671 3389 1721 3419 as
1761 3373 2051 3418 determined
2088 3373 2139 3416 in
2174 3372 2245 3415 kls

419 3449 564 3493 Great
588 3449 781 3493 Council
806 3463 867 3493 on
893 3449 985 3492 due
1011 3447 1361 3491 deliberation.”

511 3517 575 3576 [It
606 3521 644 3564 is
676 3520 805 3577 plain
836 3519 940 3563 that
967 3519 1048 3563 the
1083 3518 1279 3575 English
1303 3517 1533 3575 Lawyer's
1558 3516 1855 3574 explanation
1880 3515 2009 3572 quite
2036 3513 2244 3571 destroys

414 3590 497 3634 the
534 3591 662 3634 force
700 3591 754 3634 of
779 3590 860 3634 the
885 3592 1085 3633 'Roman
1115 3585 1335 3644 maxim.]‘

506 3662 752 3704 Moreover
779 3660 860 3704 the
890 3662 1025 3704 Laws
1054 3674 1133 3703 are
1161 3660 1312 3703 called
1337 3661 1403 3702 the
1427 3656 1588 3715 Kiny’s
1611 3657 1776 3705 Laws;
1814 3655 1907 3699 and
1932 3655 2013 3699 the
2032 3651 2247 3711 Lawyers

415 3731 551 3774 teach
582 3731 686 3775 that
716 3731 798 3775 the
826 3732 973 3788 Kings
1006 3731 1060 3774 of
1088 3730 1304 3788 England
1326 3744 1404 3774 are
1432 3730 1513 3773 the
1542 3727 1758 3772 fountain
1794 3727 1847 3769 of
1872 3727 2041 3783 justice
2075 3725 2168 3768 and
2197 3723 2252 3767 of

414 3800 524 3844 law:
565 3802 658 3844 and
677 3802 791 3845 such
816 3802 853 3845 is
877 3801 959 3845 the
984 3801 1215 3858 language
1240 3801 1295 3845 of
1313 3801 1395 3846 the
1420 3801 1552 3844 Laws
1577 3797 1865 3842 themselves.
