2482 4166
362 270 469 319 254
973 275 1060 319 DE
1099 275 1267 320 LEGE
1309 274 1583 319 POENALI.

364 403 616 475 expensiS,
657 422 761 456 una
799 422 913 457 cum
951 407 1491 458 circumstantiarum
1530 404 1685 457 etiam
1720 403 1863 475 justa
1905 405 2191 473 collatione,

363 505 468 539 non
514 486 613 539 erit
642 486 841 539 difficile
870 494 928 540 ut
956 487 1231 557 plurimum
1262 487 1373 540 viro
1403 488 1566 557 probo
1597 494 1650 540 et
1678 488 1925 557 prudenti
1953 488 2192 542 intentio-

364 587 482 621 nem
512 570 874 638 Leyislatoris
902 572 1224 638 perdiscere,
1271 575 1326 621 et
1365 570 1561 621 habere
1606 569 1671 621 de
1714 587 1777 621 ea
1819 573 2195 625 certitudinem

364 653 718 721 sufficientem,
749 652 802 703 id
831 659 925 713 est,
956 653 1230 704 Moralem
1247 672 1267 711 ‚·
1311 650 1386 717 (in
1406 650 1684 702 moralibus
1713 651 1848 702 enim
1875 653 2058 705 sufficit
2086 673 2196 706 cer-

367 736 540 786 titudo
561 735 788 786 moralis
805 735 847 801 ;)
875 733 951 785 ita
972 739 1030 784 ut
1054 732 1212 802 possit
1238 731 1540 784 concludere
1561 732 1950 799 Le9islatorem
1975 735 2088 797 hoc,
2111 735 2195 788 vel

365 815 639 877 diversum,
686 814 895 866 indubie
923 816 1228 867 intendisse.
1318 813 1470 875 Quod
1499 812 1543 864 si
1571 812 1806 865 subditus
1833 832 1936 865 non
1964 815 2031 867 sit
2062 816 2195 869 tanti

364 897 610 949 acuminis
637 897 719 949 vel
738 895 932 965 judicii,
965 902 1024 947 ut
1053 895 1221 947 omnia
1242 894 1404 965 possit
1424 893 1682 946 rationum
1709 912 1775 946 ex
1795 902 2017 965 utraque
2045 903 2198 966 parte

364 986 623 1031 momenta
650 978 751 1030 rite
778 977 1102 1047 expendere3
1142 984 1235 1029 aut
1263 977 1306 1029 si
1334 983 1593 1038 vereatur,
1625 977 1804 1046 (quum
1832 977 1899 1030 sit
1926 978 2194 1048 unusquis-

365 1060 543 1130 quein
571 1078 741 1112 causa
757 1061 997 1128 propria
1022 1077 1206 1128 parum
1234 1061 1455 1112 idoneus
1478 1059 1687 1127 judeca)
1720 1077 1786 1111 ne
1827 1059 1881 1113 in
1917 1060 1995 1111 sui
2035 1059 2195 1130 ipsius

364 1142 602 1213 gratiam,
626 1142 988 1210 Leyislatoris
1010 1148 1231 1194 mentem
1244 1143 1624 1209 favorabilius
1644 1140 2018 1210 interpretetur
2040 1160 2194 1212 quam

368 1230 663 1293 oporteret:
709 1222 1134 1274 consultissimum
1163 1223 1263 1275 erit
1292 1222 1497 1275 subdito
1537 1222 1592 1273 in
1622 1229 1843 1292 utroque
1872 1242 2007 1286 caSU,
2036 1225 2079 1276 si
2105 1243 2193 1278 ne-

364 1305 563 1376 gotium
592 1304 658 1357 sit
686 1304 835 1367 tanti,
857 1305 983 1371 (hoc
1012 1311 1106 1367 est,
1138 1304 1180 1356 si
1208 1304 1442 1356 futurum
1468 1304 1535 1357 sit
1564 1303 1612 1356 ei
1637 1304 1787 1356 valde
1812 1305 2192 1359 incommodum

365 1394 419 1440 et
447 1404 718 1439 onerosum
745 1386 799 1438 id
830 1386 1105 1439 observare
1131 1386 1269 1456 quod
1290 1387 1433 1455 Le9e
1460 1392 1776 1456 praeceptum
1806 1390 1905 1457 est)
1934 1388 2001 1441 ad
2025 1388 2194 1442 virum

364 1468 587 1537 aliquem
612 1469 847 1539 probatae
886 1467 1093 1537 pietatis
1122 1476 1176 1521 et
1204 1468 1405 1538 peritiae
1439 1468 1704 1540 negotium
1735 1469 1955 1533 deferre,
2006 1470 2054 1522 ei
2081 1489 2194 1523 rem

364 1557 529 1602 totam
558 1551 711 1612 nude,
740 1550 1037 1619 simpliciter
1066 1557 1119 1603 et
1148 1550 1344 1603 sincere
1371 1551 1592 1622 aperire,
1623 1556 1676 1603 et
1715 1550 1769 1604 in
1797 1552 1956 1623 ipsius
1988 1553 2195 1606 demum

357 1631 551 1702 judicio
582 1639 636 1684 et
661 1632 915 1684 sententia
943 1632 1281 1701 acquiescere.

491 1714 671 1768 XVII.
762 1714 866 1766 Sed
896 1713 1015 1782 quia
1043 1714 1156 1766 fieri
1184 1721 1368 1783 potest,
1398 1733 1493 1766 nec
1519 1734 1641 1768 raro
1679 1717 1752 1778 fit,
1797 1723 1857 1769 ut
1895 1723 2013 1786 post
2047 1716 2194 1769 adhi-

365 1794 525 1848 bitam
555 1814 756 1848 omnem
785 1795 1103 1866 diligentiam
1133 1796 1197 1847 de
1225 1807 1394 1849 mente
1434 1798 1790 1865 Leyislatoris
1819 1816 1885 1850 ex
1912 1798 2024 1867 ipsa
2051 1800 2195 1867 Leye

364 1878 505 1929 nulla
540 1878 793 1929 habeatur
822 1876 1092 1939 certitudO,
1125 1884 1216 1930 aut
1257 1896 1360 1929 non
1395 1884 1543 1930 tanta
1575 1886 1634 1931 ut
1679 1879 1733 1931 in
1771 1897 1833 1932 ea
1869 1886 1982 1932 tuto
2024 1879 2195 1948 acqui-

365 1965 504 2012 escat
542 1959 642 2011 viri
669 1958 790 2011 boni
831 1958 1173 2011 conscientia:
1220 1959 1554 2028 quaerendum
1599 1960 1815 2013 ulterius
1858 1968 1952 2023 est,
1990 1961 2045 2013 in
2086 1969 2195 2014 tam

364 2041 520 2093 dubio
546 2059 681 2103 caSU,
710 2046 881 2092 utram
910 2042 1403 2109 interpretationem
1428 2041 1592 2112 magis
1622 2042 1862 2112 expediat
1897 2042 2070 2111 sequi3
2116 2044 2196 2095 be-

363 2124 725 2191 niynioremne
750 2122 887 2191 quod
925 2122 1179 2174 nonnullis
1224 2122 1403 2185 visum,
1447 2141 1516 2175 an
1553 2130 1613 2176 ut
1649 2124 1735 2175 alii
1776 2124 2010 2186 suadent,
2041 2126 2197 2177 stric-

366 2207 551 2258 tiorem
572 2206 600 2257 ?
665 2205 870 2256 Dicitur
913 2204 993 2257 vir
1048 2223 1252 2275 magnae
1304 2204 1441 2256 inter
1505 2206 1826 2259 Canonistas
1877 2206 2197 2259 auctoritatis

363 2280 687 2340 kMartinus
714 2289 1012 2339 Navarrus
1039 2285 1094 2337 in
1121 2305 1183 2338 ea
1210 2286 1366 2338 fuisse
1395 2287 1662 2349 sententia,
1683 2294 1740 2340 ut
1769 2294 1978 2357 putaret
2005 2288 2197 2340 nullam

366 2371 526 2437 leyem
544 2371 813 2438 poenalem
842 2368 1074 2439 obligare
1117 2370 1194 2420 ad
1235 2370 1452 2438 culpam
1489 2386 1584 2439 per
1622 2388 1691 2432 se,
1737 2370 1828 2422 sed
1876 2376 2077 2422 tantum
2120 2371 2197 2422 ad

358 2470 589 2520 poenam.
635 2451 736 2503 Alii
757 2470 784 2503 e
802 2451 1003 2504 diverso
1027 2450 1328 2513 docuerunt,
1360 2469 1561 2502 omnem
1583 2453 1779 2521 Leyem
1797 2453 2079 2520 poenalem,
2100 2450 2197 2503 nisi

364 2533 429 2584 de
459 2533 792 2604 Legislatoris
813 2540 986 2585 mente
1015 2539 1215 2585 constet
1244 2532 1297 2583 in
1334 2532 1662 2595 contrarium,
1694 2533 1927 2604 obligare
1969 2535 2046 2585 ad
2088 2534 2197 2586 cul-

359 2632 508 2681 pam.
595 2615 789 2666 Fateor
822 2614 947 2666 mihi
974 2632 1176 2682 semper
1205 2620 1467 2684 suspectas
1494 2614 1651 2666 fuisse
1679 2626 1943 2668 extremas
1968 2632 2199 2684 quasque

363 2697 653 2747 sententias
673 2715 690 2745 .·
733 2702 787 2747 et
829 2694 943 2746 fieri
986 2701 1171 2763 potest,
1211 2701 1272 2746 ut
1307 2696 1736 2763 quemadmodum
1777 2696 1851 2748 illi
1878 2696 2028 2748 nimis
2059 2698 2194 2758 laxe,

414 2871 434 2898 k
461 2872 517 2922 [h.
533 2884 566 2910 e.
585 2873 634 2908 ab
652 2871 902 2919 Azpilcueta,
920 2871 1190 2919 Euchiridion,
1213 2885 1302 2922 cap.
1319 2874 1427 2910 xxiii.
1448 2873 1470 2922 ἓ
1489 2876 1539 2911 48
1557 2885 1643 2922 sqq.
1666 2874 1773 2921 Opp.
1792 2874 1907 2910 Tom.
1926 2873 2010 2911 ΙΙΙ.
2027 2885 2067 2921 p.
2087 2873 2194 2922 203]

455 3001 524 3044 17.
582 2999 677 3041 But
701 2998 743 3041 if
763 2998 909 3042 doubt
939 2999 1033 3042 still
1063 2999 1256 3052 remain,
1285 2997 1379 3042 Are
1403 3012 1472 3043 we
1501 3002 1551 3042 to
1575 2998 1745 3041 incline
1764 3001 1814 3040 to
1835 2996 1917 3041 the
1940 2997 2124 3054 gentler
2143 3010 2196 3042 or

364 3070 445 3115 the
470 3070 655 3113 stricter
678 3070 1070 3126 interpretation?

454 3141 685 3184 Martinus
718 3141 953 3183 Navarrus
985 3140 1097 3183 held
1122 3139 1226 3183 that
1259 3153 1320 3183 no
1345 3140 1494 3183 Penal
1517 3140 1627 3182 Law
1647 3152 1738 3182 was
1764 3137 2024 3196 obligatory
2047 3138 2198 3182 under

362 3212 495 3263 fault,
520 3212 606 3254 but
628 3211 738 3268 only
764 3211 914 3254 under
945 3211 1148 3268 penalty.
1207 3210 1377 3253 Others
1403 3210 1520 3254 have
1555 3209 1722 3266 taught
1753 3208 1858 3252 that
1888 3222 2027 3266 every
2049 3209 2198 3252 Penal

361 3283 485 3334 Law,
507 3287 671 3339 except
690 3282 772 3325 the
793 3282 1025 3325 intention
1045 3281 1099 3324 of
1114 3281 1196 3324 the
1215 3282 1452 3338 legislator
1470 3281 1530 3324 be
1549 3280 1725 3338 plainly
1746 3279 2001 3331 otherwise,
2021 3280 2059 3323 is
2081 3279 2197 3322 obli-

362 3358 527 3411 gatory
556 3354 707 3397 under
730 3353 863 3396 fault.
924 3353 1012 3396 We
1047 3352 1258 3396 mistrust
1281 3351 1397 3396 both
1422 3356 1628 3396 extreme
1654 3350 1913 3402 doctrines3
1943 3350 2036 3393 and
2060 3350 2197 3393 make

279 3441 282 3444 ·
363 3424 455 3468 this
482 3438 568 3468 our

457 3496 644 3539 SEcoND
671 3495 994 3538 OONOLUSION:
1035 3493 1076 3537 A
1095 3494 1261 3552 purely
1280 3493 1429 3537 Penal
1452 3494 1577 3544 Law,
1597 3491 1652 3535 of
1667 3491 1798 3536 itself
1818 3489 1912 3535 and
1932 3490 2197 3548 ordinarily‚

364 3564 403 3607 is
429 3565 689 3622 obligatory
710 3566 820 3623 only
845 3566 995 3609 under
1019 3566 1224 3623 penalty,
1249 3569 1333 3609 not
1352 3564 1504 3608 under
1527 3562 1663 3606 fault.

459 3641 481 3677 1
501 3652 514 3687 3
544 3635 589 3678 A
608 3637 773 3693 purely
792 3637 941 3680 Penal
956 3637 1072 3679 Lau)
1084 3653 1101 3685 ;

458 3710 485 3746 2
501 3721 515 3757 3
556 3706 631 3761 Of
649 3708 799 3763 itself;
835 3707 910 3750 for
943 3707 1006 3765 by
1037 3708 1386 3758 circumstance,
1420 3704 1514 3749 and
1550 3717 1613 3748 on
1646 3702 1728 3747 the
1761 3702 2052 3760 supposition
2084 3700 2139 3745 of
2167 3713 2199 3744 a
