2482 4166
469 262 535 314 66
1002 272 1088 316 DE
1130 273 1384 327 PIORUM
1423 274 1764 319 EXEMPLIS.

469 399 640 472 palam
685 407 763 454 est
809 400 863 454 in
908 400 1068 472 spisso
1122 401 1209 454 illo
1257 409 1310 455 et
1356 401 1617 456 immensae
1668 402 1947 475 diligentiae
1998 404 2299 457 Annalium

472 501 647 555 opere,
691 482 745 536 id
778 484 873 537 sibi
901 484 1078 556 negoti
1107 484 1268 537 solum
1297 485 1411 538 dari
1440 486 1734 549 credidisse,
1769 489 2020 554 Pontifici
2048 494 2107 539 ut
2135 487 2299 559 grati-

471 566 714 620 ficaretur
748 586 856 629 su0‚
901 573 955 620 et
998 567 1222 619 omnium
1260 568 1892 622 monimentorumfidem
1931 576 1984 622 et
2022 569 2299 622 auctorita-

472 655 594 712 tem,
639 649 862 702 omnium
893 648 1185 719 opinionum
1214 656 1267 702 et
1297 651 1719 703 testimoniorum
1742 657 2015 713 momenta,
2057 670 2123 704 ex
2150 650 2300 703 unius

473 733 736 785 Romanae
764 734 906 785 sedis
933 731 1186 802 dignitate
1215 738 1268 784 et
1296 731 1519 784 utilitate
1544 731 1828 785 metiretur,
1877 732 2046 802 >Atqui
2070 734 2297 794 PauluS,

474 814 555 880 (ut
595 813 714 867 illuc
752 814 891 866 unde
932 813 1143 884 paulum
1188 813 1376 866 recessi
1429 813 1678 882 redeam),
1729 814 2109 884 Coapostolum
2151 834 2299 868 suum

475 896 698 949 Petrum
741 892 883 951 κατὰ
929 893 1243 972 πρόσωπον,
1288 895 1320 947 i.
1343 914 1388 951 e.
1425 914 1666 965 praesens
1712 908 2043 965 praesentem,
2101 899 2181 966 (ut
2238 915 2301 949 ea

472 976 675 1041 locuti0,
711 980 831 1032 Act.
862 997 984 1031 xxv.
1025 980 1114 1041 16,
1167 985 1221 1030 et
1262 977 1386 1030 alibi
1443 978 1711 1048 accipitur)
1740 979 1988 1032 audacter
2032 986 2085 1032 et
2128 979 2299 1050 palam

473 1055 788 1136 ἔμπροσθεν
855 1055 1093 1122 πάντων,
1148 1063 1469 1129 importunce
1519 1063 1884 1114 simulationis
1928 1061 2049 1132 jure
2107 1062 2298 1132 optimo

470 1142 773 1213 redarguit:
814 1142 970 1212 idque
1012 1160 1072 1194 eo
1117 1142 1338 1194 maxime
1375 1143 1594 1205 nomine,
1638 1144 1777 1213 quod
1809 1143 1933 1196 facti
1961 1144 2039 1197 sui
2067 1146 2300 1214 eaemplo

472 1225 768 1277 Barnabam
798 1231 851 1278 et
880 1242 945 1276 ex
980 1223 1253 1276 Antiochia
1289 1225 1326 1276 J
1328 1224 1502 1277 udaeos
1541 1224 1596 1276 in
1638 1243 1867 1278 errorem
1906 1225 2208 1288 induxisset,
2247 1234 2300 1278 et

479 1308 741 1360 Gentibus
778 1307 933 1359 fidem
973 1305 1317 1359 Christianam
1346 1324 1526 1359 recens
1554 1307 1817 1378 amplexis,
1857 1307 1911 1359 in
1953 1311 2300 1378 Evanyelicoe

474 1391 743 1444 libertatis
772 1389 1057 1452 discrimen,
1089 1407 1252 1460 grave
1280 1391 1602 1442 scandalum
1629 1389 1950 1460 praebuisset.

590 1474 655 1526 V.
745 1473 874 1524 Haec
912 1490 944 1524 a
985 1490 1068 1524 me
1102 1471 1335 1541 pluribus
1365 1490 1424 1523 eo
1453 1472 1694 1525 libentius
1729 1479 2127 1526 commemorata
2162 1479 2297 1535 sunt,

471 1572 585 1606 cum
641 1561 701 1607 ut
749 1554 859 1607 loco
915 1553 1233 1623 aliquantum
1283 1554 1499 1606 obscuro
1547 1561 1600 1607 et
1649 1554 1759 1624 jam
1805 1555 1923 1607 olim
1970 1562 2298 1608 controverso

468 1636 633 1689 facem
676 1637 900 1706 aliquam
949 1636 1285 1706 praeferrem;
1329 1642 1439 1688 tum
1490 1635 1660 1699 etiam,
1715 1643 1774 1689 ut
1831 1637 2114 1690 evidentior
2165 1644 2299 1690 esset

469 1718 579 1789 ejus
621 1718 914 1791 argumenti
962 1717 1055 1780 viS,
1104 1718 1242 1788 quod
1284 1718 1352 1770 ad
1404 1720 1575 1771 thesin
1618 1729 1858 1772 nostram
1900 1719 2298 1772 confirmandam

468 1820 534 1854 ex
569 1803 666 1854 hac
704 1803 952 1871 Apostoli
992 1800 1216 1853 diatriba
1259 1799 1545 1856 deducitur.
1628 1800 1892 1870 Siquidem
1940 1803 2153 1854 Paulus
2194 1820 2298 1854 non

467 1887 698 1938 Petrum
726 1884 887 1936 solum
919 1882 1006 1954 qui
1031 1883 1263 1951 exemplo
1302 1900 1393 1935 suo
1430 1881 1725 1952 praeiverat,
1770 1883 1861 1935 sed
1890 1890 1943 1936 et
1972 1886 2297 1936 Barnabam

468 1967 623 2019 etiam
649 1973 947 2035 ceterosque
976 1965 1064 2035 qui
1092 1966 1256 2017 Petri
1294 1966 1588 2035 eoeemplum
1616 1964 1775 2017 secuti
1813 1964 1868 2017 in
1897 1966 2113 2018 eandem
2144 1966 2296 2018 simu-

466 2047 709 2102 lationem
748 2054 1127 2109 consenserant,
1168 2047 1422 2099 notandos
1462 2046 1658 2100 censuit
1701 2044 1767 2103 ὠς
1807 2045 1898 2102 οὐκ
1941 2041 2296 2121 όρθοποὸοῦν-

468 2155 583 2192 τας,
631 2131 769 2201 quod
814 2132 993 2183 minus
1035 2139 1177 2183 recto
1207 2131 1360 2198 pede,
1401 2147 1495 2181 nec
1532 2135 1593 2182 ut
1632 2129 1940 2183 Christianae
1974 2132 2197 2183 veritati
2243 2137 2296 2183 et

465 2216 814 2284 simplicitati
845 2212 1178 2285 congruebat,
1200 2211 1511 2264 incederent.
1582 2211 1802 2264 Omnino
1833 2220 1891 2265 ut
1918 2218 2132 2275 constet,
2156 2212 2295 2282 apud

466 2298 704 2349 Paulum
736 2296 962 2367 judicem
1003 2312 1189 2365 parum
1234 2293 1564 2364 profuturum
1610 2293 1765 2346 fuisse
1814 2296 2093 2347 Barnaboe
2141 2294 2295 2347 vacil-

463 2378 605 2442 lanti,
653 2386 706 2431 et
748 2379 884 2431 inter
926 2379 1278 2430 Judaismum
1323 2383 1376 2429 et
1437 2378 1912 2430 Christianismum
1958 2376 2104 2447 quasi
2160 2377 2295 2429 clau-

465 2460 670 2524 dicanti,
711 2462 765 2514 in
807 2458 1142 2514 simulationis
1185 2477 1291 2511 suae
1330 2458 1685 2528 patrocinium,
1721 2461 1886 2522 Petri,
1926 2458 2108 2512 summi
2136 2477 2295 2529 quan-

462 2543 653 2595 tumvis
694 2544 830 2597 inter
869 2541 1144 2612 Apostolos
1180 2540 1414 2603 nominis,
1455 2543 1748 2610 exemplum
1778 2542 2066 2596 advocasse.
2148 2543 2291 2605 Esto,

464 2624 667 2695 dignior
721 2626 787 2677 sit
840 2624 947 2676 acri
999 2622 1398 2692 reprehensione
1456 2626 1666 2684 PetruS,
1722 2624 1859 2692 quod
1910 2643 2004 2676 suo
2061 2625 2294 2692 eoeemplo

464 2705 616 2758 alteri
654 2705 922 2758 nocuerit:
981 2711 1036 2756 at
1089 2703 1247 2755 nihilo
1305 2711 1585 2773 propterea
1637 2705 1925 2757 excusatior
1979 2707 2291 2766 Barnabas,

464 2787 602 2857 quod
632 2789 808 2841 alieno
838 2787 1069 2854 eoeemplo
1096 2784 1400 2854 peccaverit.
1471 2786 1599 2836 Haec
1629 2785 1694 2837 de
1714 2787 1898 2854 primo
1923 2792 2100 2839 nostro
2130 2806 2294 2856 arqu-

463 2880 635 2923 mento
664 2888 728 2922 ex
757 2876 906 2922 textu
933 2869 1030 2920 hoc
1060 2866 1292 2921 Paulino,
1652 2874 1655 2877 '

582 2953 676 3006 VI.
765 2952 1073 3005 Secundum
1102 2950 1489 3017 Aryumentum
1524 2947 1744 3002 sumitur
1772 2967 1805 3002 a
1834 2949 2131 3004 difficultate
2156 2950 2294 3020 judi-

552 3135 592 3173 5.
659 3128 760 3173 The
785 3128 1067 3187 application
1088 3128 1142 3172 of
1162 3127 1243 3172 the
1264 3141 1368 3172 ease
1400 3128 1438 3171 is
1471 3127 1590 3172 this:
1624 3127 1745 3171 Paul
1765 3125 2055 3171 condemned
2075 3130 2159 3169 not
2184 3126 2295 3183 only

460 3202 604 3245 Peter
623 3200 726 3244 who
749 3205 819 3244 set
840 3200 922 3243 the
947 3200 1173 3257 example,
1194 3200 1279 3243 but
1300 3200 1538 3243 Barnabas
1559 3199 1652 3242 and
1676 3199 1757 3242 the
1778 3198 1935 3242 others
1956 3197 2058 3240 who
2078 3197 2295 3240 followed

460 3274 510 3324 it,
546 3287 595 3316 as
629 3270 692 3324 (v,
720 3267 797 3322 14)
826 3279 903 3314 not
927 3271 1123 3328 walkiny
1149 3272 1393 3328 upriylitly.
1458 3272 1545 3322 He,
1567 3285 1615 3314 as
1642 3285 1670 3313 a
1688 3270 1845 3327 judge,
1876 3269 2029 3312 would
2052 3272 2137 3312 not
2162 3269 2295 3311 allow

458 3344 540 3387 the
571 3343 809 3401 authority
836 3343 890 3386 of
917 3344 1059 3386 Peter
1090 3347 1139 3385 to
1170 3343 1230 3385 be
1256 3343 1310 3385 of
1328 3357 1419 3399 any
1444 3342 1563 3385 avail
1593 3347 1643 3385 to
1670 3340 1838 3398 justify
1864 3340 2115 3392 Barnabas,
2144 3340 2194 3382 in
2222 3338 2294 3382 his

458 3415 724 3459 vacillation
743 3415 955 3458 between
974 3414 1186 3458 Judaism
1207 3414 1296 3456 and
1322 3413 1635 3471 Christianity.

549 3490 590 3530 6.
657 3486 826 3531 Second
862 3485 1124 3542 Aryument.
1187 3485 1265 3528 All
1307 3485 1483 3528 actions
1521 3484 1575 3528 of
1601 3484 1735 3541 pious
1770 3495 1878 3525 men
1917 3494 1997 3524 are
2028 3483 2112 3522 not
2142 3483 2193 3522 to
2233 3478 2293 3522 be

454 3557 671 3600 imitated
685 3573 697 3608 3
718 3558 810 3600 and
824 3557 970 3600 hence
984 3558 1021 3599 it
1034 3557 1071 3600 is
1088 3557 1281 3600 difficult
1294 3561 1343 3599 to
1359 3556 1496 3599 know
1511 3554 1661 3598 which
1676 3567 1783 3610 may
1797 3552 1970 3609 rightly
1985 3550 2044 3593 be
2060 3550 2288 3593 imitated.

546 3628 640 3671 For
662 3628 812 3671 either
832 3643 892 3671 an
913 3628 1070 3671 action
1100 3628 1154 3671 of
1180 3641 1208 3670 a
1244 3628 1376 3685 pious
1408 3641 1517 3669 man
1537 3639 1644 3682 may
1663 3628 1747 3666 not
1771 3623 1830 3665 be
1851 3621 1975 3678 right
1996 3622 2044 3663 in
2064 3619 2188 3672 him3
2226 3634 2292 3672 or,

458 3696 637 3754 though
656 3699 782 3754 right
806 3700 853 3741 in
876 3699 985 3750 him,
1012 3699 1049 3742 it
1074 3713 1183 3756 may
1202 3703 1286 3742 not
1307 3698 1365 3741 be
1384 3697 1557 3754 rightly
1577 3694 1786 3737 imitable
1809 3693 1872 3750 by
1897 3706 1965 3737 us.

551 3768 687 3819 First,
712 3783 769 3811 an
792 3770 947 3812 action
967 3769 1021 3813 of
1035 3783 1063 3812 a
1082 3770 1216 3826 pious
1236 3782 1345 3811 man
1371 3781 1478 3825 may
1502 3770 1585 3811 not
1599 3766 1659 3809 be
1684 3778 1712 3809 a
1732 3763 1857 3824 right
1878 3764 2032 3808 action
2045 3778 2058 3816 ς
2088 3762 2164 3807 for
2186 3761 2290 3806 God
