2482 4166
410 261 515 311 114
671 268 758 310 DE
799 265 1170 319 ADAEQUATA
1212 264 1663 310 CONSCIENTIAE
1705 264 1984 310 REGULA.

406 396 593 450 dicitur
623 396 777 450 homo
802 395 1024 468 primum
1047 393 1282 447 conditus
1310 399 1363 447 et
1392 393 1706 456 efformatus,
1740 394 1871 447 Gen.
1891 393 1942 457 i„
1973 410 2068 464 per
2094 411 2249 464 quam

407 486 553 533 certo
607 485 974 551 cognoscentes
1029 477 1201 547 aliqua
1257 494 1367 529 esse
1417 493 1484 528 ex
1533 475 1636 528 Dei
1685 475 1933 528 creatoris
1983 475 2250 529 voluntate

412 564 684 615 rationali
740 572 955 615 naturae
1009 571 1206 614 nostroe
1262 557 1615 630 congruentia,
1648 598 1650 600 ψ
1681 558 1784 611 alia
1845 565 2020 611 autem
2072 577 2247 621 secus3

410 645 683 698 statuimus
710 643 799 697 illa
830 646 968 697 bona
996 660 1105 696 esse
1136 648 1188 696 et
1216 659 1250 694 a
1277 640 1424 694 nobis
1452 640 1564 693 fieri
1602 647 1859 711 oportere,
1888 640 1986 693 ista
2015 643 2169 694 mala
2198 648 2251 694 et

412 734 692 798 propterea
718 745 822 779 non
851 732 1108 796 oportere.
1199 726 1282 776 Ex
1320 724 1418 776 hac
1451 723 1569 795 lege
1598 730 1770 776 ortum
1800 724 1989 785 lumen,
2018 722 2073 775 in
2100 723 2252 795 gravi

410 809 502 862 illa
544 815 746 862 naturae
791 810 1031 862 humanae
1077 806 1242 869 ruina,
1294 824 1411 878 quae
1455 806 1656 876 lapsum
1704 806 1840 858 Adae
1888 804 2118 859 insecuta
2172 813 2253 859 est

410 891 686 945 admodum
724 894 1069 945 obscuratum
1114 896 1228 942 est:
1271 889 1409 942 unde
1448 907 1633 941 crassae
1661 887 1761 940 illae
1791 889 1994 941 erroris
2022 894 2076 940 et
2104 890 2252 957 iqno-

412 976 614 1027 rantiae
658 974 908 1036 tenebrae,
964 973 1018 1025 in
1074 971 1261 1042 quibus
1317 972 1441 1024 dum
1497 971 1579 1023 hic
1632 970 1854 1024 vivimus
1910 988 2084 1022 omnes
2143 969 2253 1040 ejus

412 1055 608 1126 posteri
663 1055 868 1108 assidue
915 1072 1199 1108 versamur.
1287 1055 1372 1106 Ita
1427 1060 1602 1106 tamen
1657 1052 2026 1123 sapientissime
2080 1053 2253 1123 provi-

414 1137 570 1190 dente
597 1139 728 1200 Deo,
759 1144 818 1189 ut
845 1155 910 1188 ex
940 1135 1195 1188 communi
1229 1135 1503 1206 naufragio
1535 1134 1742 1187 illaesius
1778 1134 2041 1204 aliquanto
2078 1153 2253 1187 evase-

413 1218 536 1281 rint,
597 1236 751 1289 quam
801 1218 916 1271 aliae
959 1218 1221 1287 pleraeque
1282 1217 1567 1270 facultates
1655 1217 1857 1287 Nempe
1903 1216 2065 1270 voluit
2109 1217 2255 1269 Deus

416 1301 666 1371 quasdam
722 1299 1097 1372 propositiones
1134 1305 1187 1352 et
1220 1299 1511 1368 principia
1550 1301 1827 1368 practica,
1871 1316 1999 1368 quas
2051 1295 2254 1355 ῒκοινοὶς

417 1381 617 1439 ἑννοίας
675 1391 728 1436 et
793 1379 1106 1458 προλήψεις
1168 1378 1397 1458 φυσικὰς
1458 1387 1645 1434 vocant
1704 1383 2041 1451 Philosophi,
2097 1378 2256 1456 ἐγκε-

413 1463 704 1540 κρυμμένον
740 1463 869 1529 ἡμῖν
909 1466 1186 1540 σπινθῆρα
1224 1464 1349 1517 scite
1390 1465 1659 1526 Basilius,
1707 1464 1855 1533 quasi
1898 1472 2256 1518 conservatam

417 1565 483 1599 ex
513 1554 658 1599 tanto
687 1547 920 1600 incendio
949 1546 1085 1599 inter
1121 1546 1317 1599 medios
1359 1545 1554 1598 cineres
1595 1552 1648 1598 et
1683 1546 1886 1599 favillas
1926 1545 2060 1618 ignis
2096 1547 2256 1600 divini

417 1633 444 1656 ¹²
466 1631 853 1691 Scintillulam,
894 1628 948 1681 in
976 1628 1121 1681 nobis
1149 1646 1449 1681 remanere:
1492 1634 1551 1681 ut
1590 1628 1808 1681 haberet
1837 1628 1890 1679 in
1919 1628 2111 1681 intimis
2139 1648 2256 1699 pec-

417 1712 616 1765 toribus
660 1711 850 1764 nostris
895 1713 1191 1764 voluntatis
1236 1729 1347 1763 succ
1397 1727 1675 1780 praecones,
1766 1711 1901 1763 Sunt
1953 1711 2036 1763 hae
2088 1712 2254 1766 κοιναὶ

418 1790 610 1850 ἔννοιαι
650 1796 769 1847 Lex
814 1796 918 1847 illa
962 1795 1084 1854 Dei,
1136 1811 1290 1862 quam
1337 1792 1630 1863 ApostoluS,
1661 1795 1844 1849 '‘Rom.
1874 1792 1943 1856 ii„
1990 1797 2255 1864 scriptam

416 1877 490 1929 ait
532 1879 593 1928 in
641 1879 891 1929 cordibus
935 1875 1231 1939 hominum;
1275 1893 1487 1945 prorsus
1534 1882 1594 1928 ut
1638 1878 1809 1944 Leyes
1854 1875 2122 1929 civitatum
2164 1884 2256 1930 aut

417 1958 671 2028 Principis
716 1960 920 2011 tabulis
963 1959 1122 2011 cencis
1164 1957 1372 2010 inscribi
1414 1957 1577 2010 solitae
1630 1964 1764 2010 sunt.
1848 1959 2063 2012 Habent
2119 1959 2255 2012 enim

417 2041 671 2093 rationem
723 2042 890 2110 Lcyis
940 2040 1050 2092 sive
1091 2039 1291 2110 regulae
1335 2039 1483 2092 nobis
1528 2057 1561 2092 a
1611 2040 1727 2092 Deo
1779 2040 2064 2110 impositae-3
2124 2042 2256 2095 sicut

425 2125 679 2177 Voluntas
703 2124 1067 2192 Leyislatoris
1083 2121 1286 2191 publico
1308 2122 1648 2175 instrumento
1670 2121 1955 2194 significata
1984 2131 2038 2177 et
2064 2125 2254 2195 populo

416 2206 695 2277 proposita,
726 2206 894 2274 Lcyis
926 2203 1131 2256 nomine
1160 2211 1412 2257 censetur.

541 2289 713 2341 XXV.
802 2288 1020 2339 Constat
1063 2292 1237 2339 autem
1283 2287 1393 2338 haec
1440 2287 1560 2340 Lem
1615 2288 1919 2341 Naturalis
1976 2305 2042 2340 ex
2099 2288 2256 2341 variis

414 2372 722 2440 Principiis
740 2371 1012 2439 practicis
1032 2390 1048 2421 .·
1089 2387 1205 2440 quae
1235 2375 1409 2422 tamen
1437 2369 1506 2422 ad
1534 2387 1689 2422 unam
1719 2369 1940 2440 primam
1970 2378 2023 2424 et
2042 2373 2255 2424 univer-

420 2455 589 2506 salem
618 2454 815 2522 Lcycm
844 2470 959 2523 quae
987 2451 1213 2520 reliquas
1251 2450 1621 2522 complectatur
1651 2460 1978 2516 revocantur,
2015 2452 2255 2507 videlicet

467 2633 480 2658 t
510 2630 603 2678 Quae
629 2630 671 2666 in
696 2631 839 2668 animis
863 2632 1139 2680 imprimuntur
1162 2633 1296 2670 incho-
1429 2640 1446 2660 ¹¹
1471 2634 1573 2671 Haec
1589 2638 1716 2672 tamen
1732 2635 1877 2683 exiqua
1894 2635 2017 2673 Lucis
2037 2637 2256 2675 scintillula

418 2696 491 2729 atae
520 2692 794 2739 intelliqentiae.
846 2692 972 2730 Cicer.
993 2695 1042 2730 de
1063 2694 1193 2742 Legg.
1210 2695 1297 2731 Lib.
1377 2696 1575 2733 remansit.
1604 2697 1755 2734 Calvin.
1769 2697 1903 2734 Instit.
1915 2697 2003 2736 Lib.
2016 2709 2074 2736 1v.
2092 2711 2179 2748 cap.
2192 2702 2254 2738 10.

416 2764 445 2791 1.
466 2754 570 2802 [cap.
591 2756 653 2791 10.
672 2757 766 2790 sect.
785 2756 846 2791 30.
865 2756 969 2792 conf.
989 2756 1109 2794 Tusa
1130 2756 1245 2804 Disp.
1267 2756 1292 2793 i.
1377 2760 1471 2794 sect.
1493 2759 1531 2794 5.

417 2817 489 2861 243
516 2815 643 2851 Acad·
662 2815 729 2851 Pr.
747 2815 786 2852 ii.
809 2817 880 2862 103
900 2816 948 2852 de
965 2817 1016 2853 N.
1035 2817 1088 2854 D.
1104 2818 1129 2853 i.
1151 2816 1230 2865 17.]
1423 2824 1443 2845 δ
1470 2820 1524 2869 [v.
1545 2818 1625 2867 15.]

421 2914 572 2958 which
592 2928 704 2957 man
723 2928 814 2958 was
835 2916 986 2960 made.
1046 2917 1118 2974 By
1149 2918 1186 2960 it
1210 2931 1276 2961 we
1304 2918 1443 2961 know
1476 2918 1581 2963 that
1615 2934 1742 2964 some
1770 2920 1927 2979 things
1960 2935 2055 2975 are,
2080 2922 2143 2981 by
2168 2924 2250 2968 the

418 2985 532 3028 Will
566 2985 620 3029 of
652 2986 758 3030 Grod
789 2986 870 3030 the
900 2987 1108 3040 Creator,
1135 3002 1395 3046 congruous
1427 2994 1478 3033 to
1507 3004 1594 3034 our
1631 2996 1813 3043 nature,
1850 2993 1944 3036 and
1975 2993 2080 3037 that
2116 2995 2252 3039 other

414 3056 572 3114 things
593 3070 673 3100 are
697 3062 781 3101 not
809 3071 887 3110 so3
920 3059 974 3101 of
992 3059 1126 3104 those
1151 3074 1219 3103 we
1241 3060 1377 3104 deem
1397 3060 1501 3105 that
1521 3061 1634 3120 they
1654 3076 1734 3106 are
1764 3063 1902 3120 good,
1936 3064 2031 3107 and
2058 3064 2162 3109 that
2183 3080 2251 3108 we

415 3127 560 3185 ought
582 3132 630 3172 to
657 3128 717 3172 do
738 3128 893 3182 them3
927 3130 981 3173 of
996 3130 1076 3175 the
1098 3131 1268 3184 others,
1292 3131 1396 3176 that
1421 3133 1534 3191 they
1554 3147 1633 3178 are
1657 3133 1764 3186 bad,
1785 3134 1878 3177 and
1896 3134 2001 3179 that
2016 3150 2083 3180 we
2106 3137 2252 3195 ought

418 3203 468 3243 to
490 3199 674 3243 abstain
699 3200 821 3244 from
847 3201 990 3246 them.

509 3271 620 3315 This
638 3272 842 3315 Natural
866 3273 1008 3330 Light
1032 3287 1123 3317 was
1143 3274 1409 3332 grievously
1435 3274 1663 3320 obscured
1684 3281 1733 3321 at
1756 3276 1836 3321 the
1868 3277 1953 3321 fall
1989 3278 2044 3321 of
2072 3278 2251 3332 Adam3

417 3341 503 3384 but
526 3347 606 3400 yet
637 3343 727 3387 less
752 3344 920 3387 ruined
940 3345 1055 3388 than
1075 3359 1161 3389 our
1181 3346 1317 3389 other
1340 3346 1569 3392 faculties.
1632 3349 1719 3392 We
1748 3349 1901 3393 retain
1919 3350 2097 3393 certain
2116 3364 2249 3407 prac-

418 3412 529 3455 tical
548 3414 812 3472 principles,
834 3415 861 3436 ‘⁶
874 3429 1089 3461 common
1108 3417 1320 3461 notions”
1341 3419 1436 3461 and.
1462 3418 1487 3439 “
1500 3419 1686 3463 natural
1706 3420 2076 3478 anticipations,”
2097 3435 2146 3464 as
2167 3421 2250 3464 the

418 3482 738 3541 philosophers
771 3487 859 3529 call
889 3487 1046 3541 them3
1085 3502 1114 3532 a
1148 3488 1331 3546 “spark
1365 3490 1419 3533 of
1449 3489 1531 3533 the
1567 3491 1722 3534 divine
1757 3491 1883 3542 fire,”
1915 3504 1965 3534 as
2000 3491 2128 3534 Basil
2155 3492 2249 3534 and

419 3553 593 3599 Calvin.
649 3556 799 3600 These
821 3572 901 3602 are
922 3559 1046 3603 what
1069 3560 1124 3604 St
1142 3561 1262 3603 Paul
1282 3561 1448 3618 speaks
1469 3561 1532 3612 of,
1550 3562 1684 3605 Rom.
1703 3562 1750 3606 ii.
1768 3574 1812 3605 v.
1833 3565 1902 3613 15,
1930 3575 1980 3604 as
2002 3561 2121 3605 “the
2138 3562 2249 3605 Law

419 3624 604 3668 written
629 3639 690 3669 on
709 3627 832 3671 their
857 3628 1058 3675 hearts.'’
1117 3631 1249 3689 They
1276 3646 1356 3676 are
1382 3646 1410 3676 a
1429 3633 1553 3684 Law,
1575 3632 1717 3689 being
1736 3632 1880 3676 Rules
1900 3632 1997 3675 laid
2018 3632 2152 3676 down
2172 3633 2249 3676 for

422 3706 476 3736 us
499 3693 562 3751 by
583 3696 714 3748 God3
739 3712 788 3741 as
808 3698 890 3743 the
908 3700 1020 3744 Will
1045 3702 1099 3745 of
1114 3702 1195 3746 the
1216 3703 1478 3761 Legislator
1497 3703 1635 3747 made
1658 3702 1829 3748 known
1848 3703 1912 3762 by
1940 3718 1968 3746 a
1994 3704 2153 3762 public
2174 3705 2245 3748 in·

426 3767 657 3810 strument
682 3767 719 3811 is
745 3782 773 3811 a
790 3769 913 3813 Law.
