2482 4166
381 254 486 304 218
565 261 650 304 DE
690 260 918 304 LEGUM
958 258 1382 305 HUMANARUM
1425 260 2059 305 CAUSA'EFFIOIENTE.

380 390 609 463 Legibus
643 392 922 462 propterea
959 390 1171 461 requiri,
1220 392 1357 461 quod
1390 394 1673 463 Principes
1715 398 2022 463 potestatem
2064 409 2208 444 suam

381 493 583 527 omnem
631 494 668 527 a
707 476 907 544 populo
951 478 1197 543 effluxam
1248 475 1506 538 habeant3
1575 493 1677 545 qua
1726 476 1769 528 si
1811 477 1972 528 abusi
2015 473 2208 527 fuerint

381 558 559 625 (abuti
590 564 763 610 autem
787 563 1041 628 potestate
1067 574 1160 609 sua
1181 557 1419 609 censendi
1442 564 1576 621 sunt,
1599 557 1643 610 si
1665 576 1777 611 eam
1803 558 2005 630 longius
2033 556 2207 609 latius-

380 658 446 694 ve
488 640 725 710 proferre
767 646 821 693 et
863 639 1146 692 extendere
1188 638 1349 691 velint
1387 657 1540 708 quam
1583 640 1771 710 populo
1808 640 1969 693 visum
2010 639 2206 709 fuerit,)

381 722 573 794 poterit
592 723 829 793 populus
863 739 958 792 pro
992 721 1112 790 jure
1149 738 1240 773 suo
1263 731 1581 789 potestatem
1610 739 1762 790 quam
1790 721 1914 792 ipsis
1941 728 2062 775 ante
2090 741 2206 775 con-

382 812 606 858 cesserat
655 805 823 857 denuo
877 821 1152 856 resumere.
1240 801 1533 854 Periculoso
1582 803 1859 855 admodum
1909 822 2102 866 errore,
2154 811 2207 857 et

383 906 536 958 quem
575 887 759 940 merito
797 884 1081 938 abominari
1123 884 1362 946 debeant,
1408 890 1660 955 quotquot
1698 903 1801 937 non
1839 892 1958 938 sunt
1995 885 2208 939 humani

382 969 587 1041 generis
626 976 679 1022 et
716 968 934 1039 publicae
973 965 1359 1036 tranquillitatis
1400 966 1588 1020 hostes,
1675 966 1876 1021 Nititur
1920 966 2054 1020 enim
2096 974 2208 1021 tota

381 1053 493 1105 haec
533 1051 667 1103 ratio
711 1051 922 1119 duplici
946 1051 1350 1118 fuudameut03
1406 1048 1562 1115 debili
1603 1055 1824 1119 utroque
1866 1057 1919 1104 et
1960 1051 2026 1103 ab
2070 1050 2208 1103 omni

382 1152 508 1187 sana
537 1133 737 1186 ratione
762 1132 959 1184 alieno:
1002 1130 1184 1193 altem,
1215 1132 1509 1198 Principes
1535 1137 1696 1185 totam
1724 1139 2035 1203 potestatem
2063 1151 2208 1186 suam

372 1218 575 1287 populo
609 1225 885 1284 acceptam
906 1213 1076 1276 ferre3
1118 1213 1297 1275 alterO,
1319 1223 1640 1283 potestatem
1659 1214 1886 1285 quisquis
1910 1214 2061 1268 alteri
2089 1234 2209 1269 cou-

382 1302 613 1361 cesserit,
652 1315 802 1368 posse
835 1315 949 1349 eam
986 1314 1101 1348 cum
1135 1295 1234 1366 ipsi
1270 1295 1479 1349 libuerit
1517 1315 1780 1351 revocare.
1867 1301 1914 1351 O
1942 1300 2209 1368 eyreyium

383 1383 700 1454 Sopliistam
739 1380 781 1433 si
818 1380 929 1431 haec
956 1378 1030 1431 ita
1068 1385 1253 1441 essent,
1284 1381 1585 1433 Samuelem
1623 1378 1805 1451 magis,
1846 1380 1935 1451 qui
1962 1386 2021 1433 ut
2050 1399 2210 1452 popu-

382 1464 488 1517 lum
520 1465 837 1539 Θεοκρατίας
872 1461 1073 1531 jamdiu
1106 1469 1384 1532 pertaesum
1427 1480 1460 1514 a
1500 1480 1746 1532 perverso
1789 1482 1970 1517 rerum
2011 1482 2210 1517 novan-

383 1549 583 1599 darum
611 1548 790 1599 studio
819 1545 1150 1607 absterreret,
1184 1547 1369 1614 Reyice
1398 1547 1688 1613 potestatis
1719 1545 2107 1616 amplitudinem
2137 1546 2210 1599 eis

383 1630 450 1681 ob
480 1629 649 1681 oculos
671 1627 995 1698 proposuisse
1016 1626 1139 1680 satis
1160 1626 1391 1679 habuit?
1428 1645 1496 1679 an
1517 1627 1682 1699 magis
1694 1630 1923 1696 fatuum
1935 1630 2210 1699 popellum

383 1713 768 1775 Israeliticum,
816 1709 904 1780 qui
947 1709 1024 1761 sui
1064 1708 1197 1779 juris
1237 1709 1450 1781 ignarus
1489 1709 1599 1779 pati
1637 1727 1691 1762 se
1734 1711 1902 1780 potuit
1938 1718 2046 1764 tam
2073 1710 2210 1763 futili

384 1794 696 1864 sophismate
724 1793 795 1845 sic
818 1788 956 1867 ῥινός
986 1786 1245 1863 ἄγεσθαι,
1278 1798 1337 1844 111
1359 1791 1510 1861 plane
1533 1792 1953 1846 obmutesceret?
1995 1792 2209 1846 Adeone

383 1894 560 1928 omnes
596 1876 787 1928 bardos
825 1881 878 1927 et
917 1873 1163 1944 stupidos,
1208 1873 1497 1943 nulliusque
1539 1880 1630 1927 aut
1667 1877 1858 1929 mentis
1895 1882 1986 1928 aut
2015 1878 2206 1937 animi,

383 1965 442 2010 ut
466 1976 560 2010 nec
588 1975 719 2010 unus
746 1955 930 2026 aliquis
958 1955 1013 2007 in
1042 1962 1149 2008 tam
1178 1973 1367 2027 magna
1395 1955 1569 2026 populi
1598 1974 1787 2010 corona
1813 1958 2034 2028 reperiri
2061 1965 2210 2029 potu·

385 2040 499 2103 erit,
531 2040 611 2093 cui
636 2046 840 2093 tantum
868 2038 1058 2090 inesset
1080 2039 1350 2091 acuminis
1372 2044 1423 2090 et
1453 2040 1704 2091 audaciae
1729 2046 1788 2092 ut
1816 2040 1883 2092 ad
1911 2040 2011 2093 ista
2038 2040 2210 2094 omnia

384 2130 624 2194 prompte
680 2120 1064 2192 responderet?
1131 2139 1245 2172 cum
1295 2126 1403 2172 tam
1453 2119 1600 2172 facile
1646 2120 1804 2174 fuerit
1847 2124 2091 2176 Samueli
2139 2122 2211 2175 sic

384 2205 651 2276 peroranti
680 2205 854 2257 statim
882 2202 1173 2275 regessisse,
1214 2201 1446 2255 “Pueris
1482 2203 1593 2255 haec
1630 2202 1827 2257 minare
1868 2211 1921 2258 et
1959 2204 2046 2275 qui
2084 2203 2212 2258 nihil

385 2288 621 2358 sapiunt:
664 2305 773 2352 nos,
805 2287 847 2340 si
876 2286 946 2339 sic
976 2285 1227 2338 dominari
1256 2284 1469 2355 coeperit
1496 2286 1615 2337 Rex
1643 2293 1836 2350 noster,
1863 2288 1990 2356 jure
2031 2297 2211 2341 nostro

384 2378 625 2434 utemur3
670 2373 978 2440 auferemus
1007 2368 1054 2421 ei
1088 2386 1214 2420 mox
1251 2386 1363 2420 eam
1404 2386 1578 2442 quama
1597 2375 1719 2421 ante
1763 2371 2008 2423 dedimus
2036 2380 2211 2439 potes-

387 2458 600 2507 tatem.''
689 2455 859 2517 Quam
894 2450 1039 2505 brevi
1080 2469 1325 2522 responso
1370 2457 1534 2504 totum
1572 2451 1838 2523 negotium
1878 2452 2212 2505 confecissent

384 2543 438 2588 et
480 2554 537 2588 os
574 2537 843 2606 prophetae
887 2534 941 2586 in
991 2541 1243 2586 aeternum
1286 2534 1627 2596 obturassent,
1672 2534 1716 2587 si
1760 2534 2066 2587 retrioribus
2110 2533 2211 2586 illis

385 2618 565 2670 seculis
603 2625 710 2670 tam
753 2617 950 2669 credita
990 2616 1206 2668 fuissent
1251 2616 1364 2667 haec
1406 2634 1657 2668 novorum
1700 2616 2075 2688 Magistrorum
2114 2616 2209 2688 fig·-

384 2707 574 2761 menta,
606 2717 757 2768 quam
787 2706 905 2751 sunt
931 2698 997 2750 ab
1026 2697 1123 2749 illis
1159 2697 1380 2749 fidenter
1417 2697 1673 2768 discipulis
1702 2698 1806 2751 suis
1837 2700 2064 2763 obtrusa,
2096 2705 2151 2752 et
2177 2717 2211 2754 a

385 2781 662 2834 temeraria
689 2781 839 2852 plebe
867 2780 1105 2832 lubenter
1135 2785 1365 2849 excepta,

507 2865 625 2917 XV.
715 2862 819 2915 Sed
860 2868 919 2914 ut
956 2861 1088 2913 serio
1131 2878 1358 2932 agamus,
1394 2866 1448 2913 et
1485 2860 1553 2913 ad
1581 2877 1691 2914 rem
1720 2861 1883 2931 ipsam
1910 2863 2211 2916 accedamus

383 2945 610 3018 propiUS,
657 2947 800 2998 Dico
833 2946 1033 3014 primo,
1081 2941 1400 2994 Praesidendi
1449 2941 1503 2993 in
1554 2942 1840 3013 Republica
1873 2956 2208 3015 potestatem,

384 3134 534 3190 given,
559 3132 601 3176 if
616 3131 695 3176 the
720 3132 889 3176 Prince
918 3130 1086 3176 should
1106 3131 1248 3175 abuse
1269 3131 1320 3183 it,
1344 3131 1408 3189 by
1432 3131 1685 3188 extending
1709 3130 1747 3174 it
1774 3129 1957 3177 further
1986 3129 2103 3173 than
2129 3128 2212 3173 the

385 3204 562 3262 People
587 3203 723 3247 think
743 3203 880 3261 good.

385 3292 387 3294 ’
473 3275 584 3318 This
612 3276 651 3319 is
682 3289 710 3318 a
731 3275 989 3332 dangerous
1018 3288 1194 3326 errour,
1217 3273 1311 3317 and
1331 3277 1448 3318 rests
1469 3287 1598 3332 upon
1623 3277 1714 3317 two
1736 3272 1853 3316 false
1874 3272 2209 3329 assumptions:

383 3346 486 3389 that
511 3347 701 3390 Princes
726 3346 843 3390 have
867 3346 1080 3390 received
1100 3345 1225 3389 their
1244 3359 1400 3403 power
1424 3345 1547 3389 from
1567 3344 1649 3389 the
1674 3344 1879 3402 People3
1914 3342 2011 3386 and
2030 3343 2134 3387 that
2153 3343 2213 3386 he

383 3417 485 3460 who
508 3418 732 3461 concedes
752 3431 909 3474 power
928 3422 978 3461 to
1003 3417 1201 3461 another
1221 3431 1328 3475 may
1347 3417 1518 3460 revoke
1541 3417 1593 3460 it.

476 3489 525 3531 If
557 3488 639 3532 the
677 3489 819 3532 latter
849 3489 1136 3547 assumption
1168 3502 1289 3532 were
1320 3492 1439 3540 true,
1471 3487 1574 3531 how
1606 3487 1700 3530 idle
1732 3499 1852 3529 were
1887 3484 1950 3528 all
1989 3483 2213 3528 Samuel's

384 3560 611 3616 warnings
636 3564 685 3603 to
704 3559 786 3603 the
810 3560 946 3612 Jews,
966 3560 1228 3618 respecting
1252 3559 1333 3602 the
1355 3559 1446 3602 evil
1466 3558 1615 3602 which
1635 3557 1787 3600 would
1808 3556 1927 3600 arise
1945 3555 2068 3598 from
2091 3554 2215 3599 their

384 3627 555 3686 having
575 3644 603 3673 a
622 3631 746 3687 king.
824 3631 954 3688 They
974 3631 1123 3688 might
1143 3631 1262 3674 have
1284 3630 1396 3681 said,
1423 3629 1509 3672 “If
1523 3642 1591 3673 we
1615 3628 1712 3671 find
1737 3628 1775 3670 it
1795 3641 1846 3671 so
1872 3631 2003 3684 great
2023 3640 2084 3670 an
2109 3625 2213 3677 evil,

385 3712 454 3741 we
475 3700 567 3742 will
591 3701 760 3744 revoke
784 3701 866 3745 the
884 3715 1040 3759 power
1065 3701 1215 3745 which
1239 3715 1307 3745 we
1332 3701 1450 3744 have
1474 3698 1652 3756 given.'’
1723 3699 1818 3742 But
1843 3698 1881 3742 it
1901 3698 1938 3742 is
1958 3697 2087 3756 plain
2110 3696 2213 3740 that

385 3768 501 3813 such
527 3783 555 3813 a
573 3771 799 3828 principle
823 3786 915 3816 was
935 3777 1018 3815 not
1038 3772 1153 3816 then
1174 3771 1546 3828 acknowledged.
