<?xml version="1.0" encoding="UTF-8"?>
<!DOCTYPE html PUBLIC "-//W3C//DTD XHTML 1.0 Transitional//EN"
    "http://www.w3.org/TR/xhtml1/DTD/xhtml1-transitional.dtd">
<html xmlns="http://www.w3.org/1999/xhtml" xml:lang="en" lang="en">
 <head>
  <title>
</title>
<meta http-equiv="Content-Type" content="text/html;charset=utf-8" />
  <meta name='ocr-system' content='tesseract 3.04.00' />
  <meta name='ocr-capabilities' content='ocr_page ocr_carea ocr_par ocr_line ocrx_word'/>
</head>
<body>
  <div class='ocr_page' id='page_1' title='image "./deobligationecon00sanduoft_0102.png"; bbox 0 0 2482 4166; ppageno 0'>
   <div class='ocr_carea' id='block_1_1' title="bbox 465 288 1761 343">
    <p class='ocr_par' dir='ltr' id='par_1_1' title="bbox 465 288 1761 343">
     <span class='ocr_line' id='line_1_1' title="bbox 465 288 1761 343; baseline -0.002 0"><span class='ocrx_word' id='word_1_1' title='bbox 465 288 535 343; x_wconf 78' lang='lat'>&#39;78</span> <span class='ocrx_word' id='word_1_2' title='bbox 998 296 1084 339; x_wconf 81' lang='lat' dir='ltr'>DE</span> <span class='ocrx_word' id='word_1_3' title='bbox 1125 296 1381 341; x_wconf 82' lang='lat' dir='ltr'>PIORUM</span> <span class='ocrx_word' id='word_1_4' title='bbox 1420 297 1761 340; x_wconf 80' lang='lat' dir='ltr'><strong>EXEMPLIS.</strong></span> 
     </span>
    </p>
   </div>
   <div class='ocr_carea' id='block_1_2' title="bbox 465 421 2303 1217">
    <p class='ocr_par' dir='ltr' id='par_1_2' title="bbox 465 421 2303 1217">
     <span class='ocr_line' id='line_1_2' title="bbox 466 421 2298 496; baseline 0 -19"><span class='ocrx_word' id='word_1_5' title='bbox 466 423 773 477; x_wconf 88' lang='lat' dir='ltr'>alterutrum</span> <span class='ocrx_word' id='word_1_6' title='bbox 816 429 870 477; x_wconf 92' lang='lat' dir='ltr'>et</span> <span class='ocrx_word' id='word_1_7' title='bbox 910 421 1007 494; x_wconf 88' lang='lat' dir='ltr'>ipsi</span> <span class='ocrx_word' id='word_1_8' title='bbox 1048 423 1241 477; x_wconf 87' lang='lat' dir='ltr'>faciunt</span> <span class='ocrx_word' id='word_1_9' title='bbox 1279 430 1333 477; x_wconf 94' lang='lat' dir='ltr'>et</span> <span class='ocrx_word' id='word_1_10' title='bbox 1374 423 1486 476; x_wconf 89' lang='lat' dir='ltr'>aliis</span> <span class='ocrx_word' id='word_1_11' title='bbox 1527 422 1815 491; x_wconf 77' lang='lat' dir='ltr'>faciendum</span> <span class='ocrx_word' id='word_1_12' title='bbox 1858 424 2113 495; x_wconf 86' lang='lat' dir='ltr'>suadent,)</span> <span class='ocrx_word' id='word_1_13' title='bbox 2143 442 2298 496; x_wconf 88' lang='lat' dir='ltr'>quam</span> 
     </span>
     <span class='ocr_line' id='line_1_3' title="bbox 468 505 2299 577; baseline 0.001 -18"><span class='ocrx_word' id='word_1_14' title='bbox 468 506 556 577; x_wconf 91' lang='lat' dir='ltr'>qui</span> <span class='ocrx_word' id='word_1_15' title='bbox 584 509 645 559; x_wconf 90' lang='lat' dir='ltr'>in</span> <span class='ocrx_word' id='word_1_16' title='bbox 670 525 847 576; x_wconf 70' lang='lat' dir='ltr'>yenud</span> <span class='ocrx_word' id='word_1_17' title='bbox 878 509 1188 576; x_wconf 75' lang='lat' dir='ltr'>procidunt.</span> <span class='ocrx_word' id='word_1_18' title='bbox 1261 506 1317 558; x_wconf 82' lang='lat' dir='ltr'>Si</span> <span class='ocrx_word' id='word_1_19' title='bbox 1353 505 1544 569; x_wconf 87' lang='lat' dir='ltr'>dicant,</span> <span class='ocrx_word' id='word_1_20' title='bbox 1587 513 1640 559; x_wconf 95' lang='lat' dir='ltr'>et</span> <span class='ocrx_word' id='word_1_21' title='bbox 1673 506 1879 576; x_wconf 89' lang='lat' dir='ltr'>quidem</span> <span class='ocrx_word' id='word_1_22' title='bbox 1908 507 2100 570; x_wconf 85' lang='lat' dir='ltr'>dicunt,</span> <span class='ocrx_word' id='word_1_23' title='bbox 2130 508 2299 560; x_wconf 89' lang='lat' dir='ltr'>exole-</span> 
     </span>
     <span class='ocr_line' id='line_1_4' title="bbox 467 588 2300 660; baseline -0.001 -19"><span class='ocrx_word' id='word_1_24' title='bbox 467 589 601 642; x_wconf 82' lang='lat' dir='ltr'>visse</span> <span class='ocrx_word' id='word_1_25' title='bbox 619 588 728 660; x_wconf 88' lang='lat' dir='ltr'>jam</span> <span class='ocrx_word' id='word_1_26' title='bbox 758 589 878 642; x_wconf 91' lang='lat' dir='ltr'>olim</span> <span class='ocrx_word' id='word_1_27' title='bbox 914 600 1120 658; x_wconf 69' lang='lat' dir='ltr'>qestum</span> <span class='ocrx_word' id='word_1_28' title='bbox 1161 590 1319 641; x_wconf 79' lang='lat' dir='ltr'>illum</span> <span class='ocrx_word' id='word_1_29' title='bbox 1363 590 1725 642; x_wconf 78' lang='lat' dir='ltr'>tricliniarem</span> <span class='ocrx_word' id='word_1_30' title='bbox 1765 588 1820 641; x_wconf 89' lang='lat' dir='ltr'>in</span> <span class='ocrx_word' id='word_1_31' title='bbox 1861 589 1959 641; x_wconf 90' lang='lat' dir='ltr'>hoc</span> <span class='ocrx_word' id='word_1_32' title='bbox 1998 589 2300 642; x_wconf 88' lang='lat' dir='ltr'>occidentali</span> 
     </span>
     <span class='ocr_line' id='line_1_5' title="bbox 469 669 2297 742; baseline -0.001 -19"><span class='ocrx_word' id='word_1_33' title='bbox 469 671 610 733; x_wconf 90' lang='lat' dir='ltr'>orbe,</span> <span class='ocrx_word' id='word_1_34' title='bbox 630 678 682 724; x_wconf 92' lang='lat' dir='ltr'>et</span> <span class='ocrx_word' id='word_1_35' title='bbox 709 671 925 742; x_wconf 83' lang='lat' dir='ltr'>proinde</span> <span class='ocrx_word' id='word_1_36' title='bbox 949 689 1043 723; x_wconf 92' lang='lat' dir='ltr'>nos</span> <span class='ocrx_word' id='word_1_37' title='bbox 1066 689 1171 723; x_wconf 91' lang='lat' dir='ltr'>non</span> <span class='ocrx_word' id='word_1_38' title='bbox 1192 671 1302 740; x_wconf 88' lang='lat' dir='ltr'>jam</span> <span class='ocrx_word' id='word_1_39' title='bbox 1320 669 1485 723; x_wconf 90' lang='lat' dir='ltr'>teneri</span> <span class='ocrx_word' id='word_1_40' title='bbox 1508 671 1575 723; x_wconf 90' lang='lat' dir='ltr'>ad</span> <span class='ocrx_word' id='word_1_41' title='bbox 1597 673 1816 723; x_wconf 88' lang='lat' dir='ltr'>eundem</span> <span class='ocrx_word' id='word_1_42' title='bbox 1832 673 1996 724; x_wconf 87' lang='lat' dir='ltr'>situm</span> <span class='ocrx_word' id='word_1_43' title='bbox 2017 672 2078 722; x_wconf 89' lang='lat' dir='ltr'>in</span> <span class='ocrx_word' id='word_1_44' title='bbox 2100 673 2297 740; x_wconf 79' lang='lat' dir='ltr'>specie:</span> 
     </span>
     <span class='ocr_line' id='line_1_6' title="bbox 467 751 2300 823; baseline -0.001 -17"><span class='ocrx_word' id='word_1_45' title='bbox 467 753 634 807; x_wconf 88' lang='lat' dir='ltr'>teneri</span> <span class='ocrx_word' id='word_1_46' title='bbox 672 761 847 806; x_wconf 88' lang='lat' dir='ltr'>tamen</span> <span class='ocrx_word' id='word_1_47' title='bbox 883 752 935 805; x_wconf 84' lang='lat' dir='ltr'>vi</span> <span class='ocrx_word' id='word_1_48' title='bbox 968 751 1214 823; x_wconf 89' lang='lat' dir='ltr'>primitivi</span> <span class='ocrx_word' id='word_1_49' title='bbox 1259 752 1392 804; x_wconf 91' lang='lat' dir='ltr'>illius</span> <span class='ocrx_word' id='word_1_50' title='bbox 1426 752 1648 822; x_wconf 90' lang='lat' dir='ltr'>exempli</span> <span class='ocrx_word' id='word_1_51' title='bbox 1680 752 1748 804; x_wconf 92' lang='lat' dir='ltr'>ad</span> <span class='ocrx_word' id='word_1_52' title='bbox 1788 754 2008 806; x_wconf 87' lang='lat' dir='ltr'>eundem</span> <span class='ocrx_word' id='word_1_53' title='bbox 2040 755 2206 805; x_wconf 90' lang='lat' dir='ltr'>situm</span> <span class='ocrx_word' id='word_1_54' title='bbox 2239 755 2300 805; x_wconf 93' lang='lat' dir='ltr'>in</span> 
     </span>
     <span class='ocr_line' id='line_1_7' title="bbox 465 834 2298 905; baseline -0.001 -16"><span class='ocrx_word' id='word_1_55' title='bbox 465 855 668 905; x_wconf 66' lang='lat' dir='ltr'>ywere,</span> <span class='ocrx_word' id='word_1_56' title='bbox 698 837 795 888; x_wconf 90' lang='lat' dir='ltr'>hoc</span> <span class='ocrx_word' id='word_1_57' title='bbox 825 841 917 897; x_wconf 89' lang='lat' dir='ltr'>est,</span> <span class='ocrx_word' id='word_1_58' title='bbox 948 841 1007 887; x_wconf 94' lang='lat' dir='ltr'>ut</span> <span class='ocrx_word' id='word_1_59' title='bbox 1034 841 1241 887; x_wconf 87' lang='lat' dir='ltr'>utamur</span> <span class='ocrx_word' id='word_1_60' title='bbox 1267 834 1446 887; x_wconf 86' lang='lat' dir='ltr'>saltem</span> <span class='ocrx_word' id='word_1_61' title='bbox 1474 845 1625 903; x_wconf 65' lang='lat' dir='ltr'>yestu</span> <span class='ocrx_word' id='word_1_62' title='bbox 1655 836 1734 903; x_wconf 89' lang='lat' dir='ltr'>(ut</span> <span class='ocrx_word' id='word_1_63' title='bbox 1771 836 1976 903; x_wconf 87' lang='lat' dir='ltr'>vocant)</span> <span class='ocrx_word' id='word_1_64' title='bbox 2014 836 2298 896; x_wconf 84' lang='lat' dir='ltr'>mensari0‚</span> 
     </span>
     <span class='ocr_line' id='line_1_8' title="bbox 469 916 2301 989; baseline -0.001 -19"><span class='ocrx_word' id='word_1_65' title='bbox 469 917 559 987; x_wconf 90' lang='lat' dir='ltr'>qui</span> <span class='ocrx_word' id='word_1_66' title='bbox 587 918 652 971; x_wconf 90' lang='lat' dir='ltr'>sit</span> <span class='ocrx_word' id='word_1_67' title='bbox 679 917 754 970; x_wconf 89' lang='lat' dir='ltr'>illi</span> <span class='ocrx_word' id='word_1_68' title='bbox 777 918 1080 971; x_wconf 77' lang='lat' dir='ltr'>tricliniari</span> <span class='ocrx_word' id='word_1_69' title='bbox 1108 916 1356 989; x_wconf 87' lang='lat' dir='ltr'>analogus</span> <span class='ocrx_word' id='word_1_70' title='bbox 1374 924 1427 969; x_wconf 88' lang='lat' dir='ltr'>et</span> <span class='ocrx_word' id='word_1_71' title='bbox 1450 917 1791 969; x_wconf 89' lang='lat' dir='ltr'>succedaneus</span> <span class='ocrx_word' id='word_1_72' title='bbox 1818 935 1914 987; x_wconf 90' lang='lat' dir='ltr'>pro</span> <span class='ocrx_word' id='word_1_73' title='bbox 1942 935 2086 969; x_wconf 88' lang='lat' dir='ltr'>more</span> <span class='ocrx_word' id='word_1_74' title='bbox 2111 923 2301 969; x_wconf 74' lang='lat' dir='ltr'>nostrae</span> 
     </span>
     <span class='ocr_line' id='line_1_9' title="bbox 469 998 2303 1071; baseline -0.002 -19"><span class='ocrx_word' id='word_1_75' title='bbox 469 1000 655 1071; x_wconf 78' lang='lat' dir='ltr'>gentiS‚</span> <span class='ocrx_word' id='word_1_76' title='bbox 679 999 1107 1070; x_wconf 82' lang='lat' dir='ltr'>quemadmodum</span> <span class='ocrx_word' id='word_1_77' title='bbox 1125 999 1199 1051; x_wconf 90' lang='lat' dir='ltr'>illi</span> <span class='ocrx_word' id='word_1_78' title='bbox 1217 1006 1338 1052; x_wconf 90' lang='lat' dir='ltr'>tunc</span> <span class='ocrx_word' id='word_1_79' title='bbox 1359 1017 1419 1052; x_wconf 94' lang='lat' dir='ltr'>eo</span> <span class='ocrx_word' id='word_1_80' title='bbox 1446 1010 1597 1068; x_wconf 79' lang='lat' dir='ltr'>9estu</span> <span class='ocrx_word' id='word_1_81' title='bbox 1626 999 1705 1052; x_wconf 88' lang='lat' dir='ltr'>usi</span> <span class='ocrx_word' id='word_1_82' title='bbox 1733 1007 1870 1062; x_wconf 86' lang='lat' dir='ltr'>sunt,</span> <span class='ocrx_word' id='word_1_83' title='bbox 1901 998 1989 1069; x_wconf 91' lang='lat' dir='ltr'>qui</span> <span class='ocrx_word' id='word_1_84' title='bbox 2018 1017 2083 1051; x_wconf 90' lang='lat' dir='ltr'>ex</span> <span class='ocrx_word' id='word_1_85' title='bbox 2112 998 2303 1069; x_wconf 88' lang='lat' dir='ltr'>passim</span> 
     </span>
     <span class='ocr_line' id='line_1_10' title="bbox 468 1081 2303 1151; baseline -0.001 -18"><span class='ocrx_word' id='word_1_86' title='bbox 468 1089 677 1151; x_wconf 88' lang='lat' dir='ltr'>recepto</span> <span class='ocrx_word' id='word_1_87' title='bbox 719 1081 923 1134; x_wconf 90' lang='lat' dir='ltr'>illorum</span> <span class='ocrx_word' id='word_1_88' title='bbox 965 1088 1255 1151; x_wconf 86' lang='lat' dir='ltr'>temporum</span> <span class='ocrx_word' id='word_1_89' title='bbox 1298 1088 1352 1134; x_wconf 86' lang='lat' dir='ltr'>et</span> <span class='ocrx_word' id='word_1_90' title='bbox 1392 1081 1620 1134; x_wconf 90' lang='lat' dir='ltr'>locorum</span> <span class='ocrx_word' id='word_1_91' title='bbox 1671 1099 1814 1134; x_wconf 88' lang='lat' dir='ltr'>more</span> <span class='ocrx_word' id='word_1_92' title='bbox 1861 1084 1937 1134; x_wconf 84' lang='lat' dir='ltr'>ad</span> <span class='ocrx_word' id='word_1_93' title='bbox 1983 1100 2218 1135; x_wconf 82' lang='lat' dir='ltr'>mensam</span> <span class='ocrx_word' id='word_1_94' title='bbox 2271 1098 2303 1132; x_wconf 94' lang='lat' dir='ltr'>a</span> 
     </span>
     <span class='ocr_line' id='line_1_11' title="bbox 470 1163 1244 1217; baseline 0.003 -3"><span class='ocrx_word' id='word_1_95' title='bbox 470 1163 699 1217; x_wconf 83' lang='lat' dir='ltr'>convivis</span> <span class='ocrx_word' id='word_1_96' title='bbox 744 1163 942 1216; x_wconf 75' lang='lat' dir='ltr'>solebat</span> <span class='ocrx_word' id='word_1_97' title='bbox 991 1163 1244 1216; x_wconf 84' lang='lat' dir='ltr'>adhiberi.</span> 
     </span>
    </p>
   </div>
   <div class='ocr_carea' id='block_1_3' title="bbox 1076 1259 1698 1320">
    <p class='ocr_par' dir='ltr' id='par_1_3' title="bbox 1076 1259 1698 1320">
     <span class='ocr_line' id='line_1_12' title="bbox 1076 1259 1698 1320; baseline 0 -15"><span class='ocrx_word' id='word_1_98' title='bbox 1076 1259 1189 1305; x_wconf 78' lang='lat' dir='ltr'>uAd</span> <span class='ocrx_word' id='word_1_99' title='bbox 1209 1262 1431 1320; x_wconf 76' lang='lat' dir='ltr'>populum</span> <span class='ocrx_word' id='word_1_100' title='bbox 1453 1263 1667 1320; x_wconf 75' lang='lat' dir='ltr'>phaleras</span> <span class='ocrx_word' id='word_1_101' title='bbox 1678 1264 1698 1305; x_wconf 88' lang='lat'><em>!</em></span> 
     </span>
    </p>
   </div>
   <div class='ocr_carea' id='block_1_4' title="bbox 464 1344 2353 2895">
    <p class='ocr_par' dir='ltr' id='par_1_4' title="bbox 469 1344 2307 1909">
     <span class='ocr_line' id='line_1_13' title="bbox 469 1344 2307 1414; baseline 0 -16"><span class='ocrx_word' id='word_1_102' title='bbox 469 1345 684 1399; x_wconf 90' lang='lat' dir='ltr'>Adeone</span> <span class='ocrx_word' id='word_1_103' title='bbox 726 1344 959 1397; x_wconf 90' lang='lat' dir='ltr'>homines</span> <span class='ocrx_word' id='word_1_104' title='bbox 999 1362 1065 1396; x_wconf 92' lang='lat' dir='ltr'>ex</span> <span class='ocrx_word' id='word_1_105' title='bbox 1106 1344 1380 1397; x_wconf 89' lang='lat' dir='ltr'>affectuum</span> <span class='ocrx_word' id='word_1_106' title='bbox 1416 1345 1758 1414; x_wconf 75' lang='lat' dir='ltr'>proey‘udiciO,</span> <span class='ocrx_word' id='word_1_107' title='bbox 1801 1350 1855 1397; x_wconf 91' lang='lat' dir='ltr'>et</span> <span class='ocrx_word' id='word_1_108' title='bbox 1900 1346 2307 1398; x_wconf 80' lang='lat' dir='ltr'>contradicendi</span> 
     </span>
     <span class='ocr_line' id='line_1_14' title="bbox 472 1426 2306 1497; baseline -0.001 -17"><span class='ocrx_word' id='word_1_109' title='bbox 472 1430 698 1482; x_wconf 76' lang='lat' dir='ltr'>libidine</span> <span class='ocrx_word' id='word_1_110' title='bbox 733 1427 970 1497; x_wconf 90' lang='lat' dir='ltr'>quadam,</span> <span class='ocrx_word' id='word_1_111' title='bbox 1009 1426 1076 1479; x_wconf 90' lang='lat' dir='ltr'>ab</span> <span class='ocrx_word' id='word_1_112' title='bbox 1114 1426 1251 1478; x_wconf 92' lang='lat' dir='ltr'>omni</span> <span class='ocrx_word' id='word_1_113' title='bbox 1287 1444 1412 1479; x_wconf 93' lang='lat' dir='ltr'>sana</span> <span class='ocrx_word' id='word_1_114' title='bbox 1447 1434 1619 1479; x_wconf 89' lang='lat' dir='ltr'>mente</span> <span class='ocrx_word' id='word_1_115' title='bbox 1662 1426 1925 1489; x_wconf 73' lang='lat' dir='ltr'>excidisse,</span> <span class='ocrx_word' id='word_1_116' title='bbox 1963 1434 2022 1480; x_wconf 91' lang='lat' dir='ltr'>ut</span> <span class='ocrx_word' id='word_1_117' title='bbox 2059 1427 2170 1479; x_wconf 86' lang='lat' dir='ltr'>haec</span> <span class='ocrx_word' id='word_1_118' title='bbox 2197 1435 2306 1480; x_wconf 88' lang='lat' dir='ltr'>tam</span> 
     </span>
     <span class='ocr_line' id='line_1_15' title="bbox 469 1508 2306 1580; baseline -0.001 -18"><span class='ocrx_word' id='word_1_119' title='bbox 469 1510 638 1563; x_wconf 90' lang='lat' dir='ltr'>futilia</span> <span class='ocrx_word' id='word_1_120' title='bbox 664 1529 758 1580; x_wconf 92' lang='lat' dir='ltr'>pro</span> <span class='ocrx_word' id='word_1_121' title='bbox 789 1508 961 1562; x_wconf 87' lang='lat' dir='ltr'>solidis</span> <span class='ocrx_word' id='word_1_122' title='bbox 988 1508 1101 1561; x_wconf 91' lang='lat' dir='ltr'>orbi</span> <span class='ocrx_word' id='word_1_123' title='bbox 1131 1509 1426 1571; x_wconf 91' lang='lat' dir='ltr'>obtrudant,</span> <span class='ocrx_word' id='word_1_124' title='bbox 1457 1515 1548 1562; x_wconf 93' lang='lat' dir='ltr'>aut</span> <span class='ocrx_word' id='word_1_125' title='bbox 1570 1515 1779 1580; x_wconf 79' lang='lat' dir='ltr'>sperent</span> <span class='ocrx_word' id='word_1_126' title='bbox 1807 1509 2090 1562; x_wconf 77' lang='lat' dir='ltr'>istiusmodi</span> <span class='ocrx_word' id='word_1_127' title='bbox 2115 1509 2306 1561; x_wconf 86' lang='lat' dir='ltr'>offuciis</span> 
     </span>
     <span class='ocr_line' id='line_1_16' title="bbox 472 1591 2306 1661; baseline -0.001 -16"><span class='ocrx_word' id='word_1_128' title='bbox 472 1592 706 1661; x_wconf 83' lang='lat' dir='ltr'>cuiquam</span> <span class='ocrx_word' id='word_1_129' title='bbox 740 1592 953 1644; x_wconf 90' lang='lat' dir='ltr'>cordato</span> <span class='ocrx_word' id='word_1_130' title='bbox 992 1591 1104 1644; x_wconf 86' lang='lat' dir='ltr'>viro</span> <span class='ocrx_word' id='word_1_131' title='bbox 1141 1591 1332 1660; x_wconf 90' lang='lat' dir='ltr'>imponi</span> <span class='ocrx_word' id='word_1_132' title='bbox 1370 1591 1565 1661; x_wconf 78' lang='lat' dir='ltr'>posse?</span> <span class='ocrx_word' id='word_1_133' title='bbox 1643 1593 1773 1654; x_wconf 77' lang='lat' dir='ltr'>Quae</span> <span class='ocrx_word' id='word_1_134' title='bbox 1803 1609 1956 1661; x_wconf 90' lang='lat' dir='ltr'>quam</span> <span class='ocrx_word' id='word_1_135' title='bbox 1995 1591 2096 1644; x_wconf 90' lang='lat' dir='ltr'>sint</span> <span class='ocrx_word' id='word_1_136' title='bbox 2132 1591 2306 1644; x_wconf 89' lang='lat' dir='ltr'>inania</span> 
     </span>
     <span class='ocr_line' id='line_1_17' title="bbox 472 1672 2307 1742; baseline -0.001 -15"><span class='ocrx_word' id='word_1_137' title='bbox 472 1682 526 1727; x_wconf 94' lang='lat' dir='ltr'>et</span> <span class='ocrx_word' id='word_1_138' title='bbox 553 1676 645 1726; x_wconf 89' lang='lat' dir='ltr'>abs</span> <span class='ocrx_word' id='word_1_139' title='bbox 673 1692 748 1736; x_wconf 90' lang='lat' dir='ltr'>re,</span> <span class='ocrx_word' id='word_1_140' title='bbox 779 1681 838 1726; x_wconf 95' lang='lat' dir='ltr'>ut</span> <span class='ocrx_word' id='word_1_141' title='bbox 869 1675 1094 1726; x_wconf 80' lang='lat' dir='ltr'>breviter</span> <span class='ocrx_word' id='word_1_142' title='bbox 1123 1680 1176 1725; x_wconf 88' lang='lat' dir='ltr'>et</span> <span class='ocrx_word' id='word_1_143' title='bbox 1203 1673 1395 1742; x_wconf 91' lang='lat' dir='ltr'>liquido</span> <span class='ocrx_word' id='word_1_144' title='bbox 1420 1673 1715 1736; x_wconf 83' lang='lat' dir='ltr'>ostendam3</span> <span class='ocrx_word' id='word_1_145' title='bbox 1747 1673 1996 1726; x_wconf 86' lang='lat' dir='ltr'>exorandi</span> <span class='ocrx_word' id='word_1_146' title='bbox 2034 1672 2158 1724; x_wconf 91' lang='lat' dir='ltr'>mihi</span> <span class='ocrx_word' id='word_1_147' title='bbox 2186 1679 2307 1725; x_wconf 87' lang='lat' dir='ltr'>sunt</span> 
     </span>
     <span class='ocr_line' id='line_1_18' title="bbox 472 1754 2307 1827; baseline -0.001 -18"><span class='ocrx_word' id='word_1_148' title='bbox 472 1756 561 1827; x_wconf 89' lang='lat' dir='ltr'>qui</span> <span class='ocrx_word' id='word_1_149' title='bbox 598 1756 670 1809; x_wconf 90' lang='lat' dir='ltr'>sic</span> <span class='ocrx_word' id='word_1_150' title='bbox 706 1755 986 1826; x_wconf 90' lang='lat' dir='ltr'>disputant,</span> <span class='ocrx_word' id='word_1_151' title='bbox 1021 1761 1079 1807; x_wconf 92' lang='lat' dir='ltr'>ut</span> <span class='ocrx_word' id='word_1_152' title='bbox 1116 1755 1289 1825; x_wconf 82' lang='lat' dir='ltr'>paucis</span> <span class='ocrx_word' id='word_1_153' title='bbox 1327 1754 1408 1806; x_wconf 91' lang='lat' dir='ltr'>his</span> <span class='ocrx_word' id='word_1_154' title='bbox 1444 1756 1982 1825; x_wconf 70' lang='lat' dir='ltr'>interroyatiunculis</span> <span class='ocrx_word' id='word_1_155' title='bbox 2022 1754 2216 1808; x_wconf 88' lang='lat' dir='ltr'>directe</span> <span class='ocrx_word' id='word_1_156' title='bbox 2253 1761 2307 1807; x_wconf 87' lang='lat' dir='ltr'>et</span> 
     </span>
     <span class='ocr_line' id='line_1_19' title="bbox 471 1837 1624 1909; baseline -0.002 -18"><span class='ocrx_word' id='word_1_157' title='bbox 471 1839 580 1892; x_wconf 88' lang='lat' dir='ltr'>sine</span> <span class='ocrx_word' id='word_1_158' title='bbox 607 1838 780 1908; x_wconf 90' lang='lat' dir='ltr'>aliqua</span> <span class='ocrx_word' id='word_1_159' title='bbox 808 1837 1237 1909; x_wconf 82' lang='lat' dir='ltr'>tergiversatione</span> <span class='ocrx_word' id='word_1_160' title='bbox 1264 1838 1624 1907; x_wconf 89' lang='lat' dir='ltr'>respondeant.</span> 
     </span>
    </p>

    <p class='ocr_par' dir='ltr' id='par_1_5' title="bbox 464 1919 2353 2895">
     <span class='ocr_line' id='line_1_20' title="bbox 600 1919 2353 1989; baseline 0.001 -17"><span class='ocrx_word' id='word_1_161' title='bbox 600 1922 750 1973; x_wconf 90' lang='lat' dir='ltr'>XXI.</span> <span class='ocrx_word' id='word_1_162' title='bbox 843 1921 1033 1983; x_wconf 79' lang='lat' dir='ltr'>Quaero</span> <span class='ocrx_word' id='word_1_163' title='bbox 1076 1919 1142 1972; x_wconf 92' lang='lat' dir='ltr'>ab</span> <span class='ocrx_word' id='word_1_164' title='bbox 1196 1919 1296 1972; x_wconf 85' lang='lat' dir='ltr'>illis</span> <span class='ocrx_word' id='word_1_165' title='bbox 1343 1922 1543 1989; x_wconf 78' lang='lat' dir='ltr'>primo,</span> <span class='ocrx_word' id='word_1_166' title='bbox 1603 1938 1759 1989; x_wconf 91' lang='lat' dir='ltr'>quum</span> <span class='ocrx_word' id='word_1_167' title='bbox 1803 1925 1910 1973; x_wconf 89' lang='lat' dir='ltr'>tam</span> <span class='ocrx_word' id='word_1_168' title='bbox 1964 1925 2162 1973; x_wconf 89' lang='lat' dir='ltr'>certum</span> <span class='ocrx_word' id='word_1_169' title='bbox 2219 1919 2303 1984; x_wconf 90' lang='lat' dir='ltr'>sit,</span> <span class='ocrx_word' id='word_1_170' title='bbox 2331 1927 2353 1967; x_wconf 87' lang='grc'>1</span> 
     </span>
     <span class='ocr_line' id='line_1_21' title="bbox 481 2001 2306 2071; baseline -0.002 -13"><span class='ocrx_word' id='word_1_171' title='bbox 481 2005 769 2065; x_wconf 75' lang='lat' dir='ltr'>Christum,</span> <span class='ocrx_word' id='word_1_172' title='bbox 801 2001 844 2054; x_wconf 92' lang='lat' dir='ltr'>si</span> <span class='ocrx_word' id='word_1_173' title='bbox 871 2020 994 2054; x_wconf 92' lang='lat' dir='ltr'>usus</span> <span class='ocrx_word' id='word_1_174' title='bbox 1036 2008 1116 2054; x_wconf 88' lang='lat' dir='ltr'>est</span> <span class='ocrx_word' id='word_1_175' title='bbox 1150 2012 1302 2071; x_wconf 74' lang='lat' dir='ltr'>yestu</span> <span class='ocrx_word' id='word_1_176' title='bbox 1347 2004 1664 2065; x_wconf 80' lang='lat' dir='ltr'>tricliniari,</span> <span class='ocrx_word' id='word_1_177' title='bbox 1709 2021 1803 2055; x_wconf 90' lang='lat' dir='ltr'>nec</span> <span class='ocrx_word' id='word_1_178' title='bbox 1844 2004 2104 2056; x_wconf 74' lang='lat' dir='ltr'>sedentem</span> <span class='ocrx_word' id='word_1_179' title='bbox 2142 2020 2306 2055; x_wconf 90' lang='lat' dir='ltr'>come-</span> 
     </span>
     <span class='ocr_line' id='line_1_22' title="bbox 474 2084 2303 2156; baseline -0.001 -17"><span class='ocrx_word' id='word_1_180' title='bbox 474 2086 623 2149; x_wconf 91' lang='lat' dir='ltr'>disse,</span> <span class='ocrx_word' id='word_1_181' title='bbox 647 2103 742 2138; x_wconf 90' lang='lat' dir='ltr'>nec</span> <span class='ocrx_word' id='word_1_182' title='bbox 770 2095 1014 2146; x_wconf 84' lang='lat' dir='ltr'>stantem,</span> <span class='ocrx_word' id='word_1_183' title='bbox 1046 2101 1200 2153; x_wconf 90' lang='lat' dir='ltr'>quam</span> <span class='ocrx_word' id='word_1_184' title='bbox 1229 2090 1425 2136; x_wconf 89' lang='lat' dir='ltr'>certum</span> <span class='ocrx_word' id='word_1_185' title='bbox 1455 2091 1535 2137; x_wconf 89' lang='lat' dir='ltr'>est</span> <span class='ocrx_word' id='word_1_186' title='bbox 1560 2103 1692 2147; x_wconf 92' lang='lat' dir='ltr'>eum,</span> <span class='ocrx_word' id='word_1_187' title='bbox 1723 2084 1766 2137; x_wconf 91' lang='lat' dir='ltr'>si</span> <span class='ocrx_word' id='word_1_188' title='bbox 1794 2103 1854 2137; x_wconf 92' lang='lat' dir='ltr'>eo</span> <span class='ocrx_word' id='word_1_189' title='bbox 1883 2092 2035 2156; x_wconf 88' lang='lat' dir='ltr'>gestu</span> <span class='ocrx_word' id='word_1_190' title='bbox 2062 2102 2183 2137; x_wconf 87' lang='lat' dir='ltr'>usus</span> <span class='ocrx_word' id='word_1_191' title='bbox 2209 2091 2303 2147; x_wconf 89' lang='lat' dir='ltr'>est,</span> 
     </span>
     <span class='ocr_line' id='line_1_23' title="bbox 473 2166 2307 2237; baseline -0.002 -17"><span class='ocrx_word' id='word_1_192' title='bbox 473 2187 577 2222; x_wconf 92' lang='lat' dir='ltr'>non</span> <span class='ocrx_word' id='word_1_193' title='bbox 616 2166 895 2220; x_wconf 89' lang='lat' dir='ltr'>comedisse</span> <span class='ocrx_word' id='word_1_194' title='bbox 931 2168 1155 2236; x_wconf 72' lang='lat' dir='ltr'>yenibus</span> <span class='ocrx_word' id='word_1_195' title='bbox 1194 2168 1512 2219; x_wconf 72' lang='lat' dir='ltr'>subnioeum:</span> <span class='ocrx_word' id='word_1_196' title='bbox 1556 2185 1646 2219; x_wconf 90' lang='lat' dir='ltr'>cur</span> <span class='ocrx_word' id='word_1_197' title='bbox 1688 2185 1792 2218; x_wconf 92' lang='lat' dir='ltr'>non</span> <span class='ocrx_word' id='word_1_198' title='bbox 1833 2167 1886 2219; x_wconf 86' lang='lat' dir='ltr'>vi</span> <span class='ocrx_word' id='word_1_199' title='bbox 1924 2166 2058 2219; x_wconf 90' lang='lat' dir='ltr'>illius</span> <span class='ocrx_word' id='word_1_200' title='bbox 2086 2166 2307 2237; x_wconf 88' lang='lat' dir='ltr'>exempli</span> 
     </span>
     <span class='ocr_line' id='line_1_24' title="bbox 473 2248 2305 2322; baseline -0.002 -19"><span class='ocrx_word' id='word_1_201' title='bbox 473 2258 581 2304; x_wconf 91' lang='lat' dir='ltr'>tam</span> <span class='ocrx_word' id='word_1_202' title='bbox 629 2250 918 2322; x_wconf 87' lang='lat' dir='ltr'>obligemur</span> <span class='ocrx_word' id='word_1_203' title='bbox 961 2267 994 2301; x_wconf 92' lang='lat' dir='ltr'>a</span> <span class='ocrx_word' id='word_1_204' title='bbox 1024 2250 1249 2302; x_wconf 90' lang='lat' dir='ltr'>sedendo</span> <span class='ocrx_word' id='word_1_205' title='bbox 1288 2248 1372 2301; x_wconf 86' lang='lat' dir='ltr'>vel</span> <span class='ocrx_word' id='word_1_206' title='bbox 1405 2251 1600 2302; x_wconf 79' lang='lat' dir='ltr'>stando</span> <span class='ocrx_word' id='word_1_207' title='bbox 1637 2248 1898 2302; x_wconf 89' lang='lat' dir='ltr'>abstinere</span> <span class='ocrx_word' id='word_1_208' title='bbox 1935 2248 1990 2300; x_wconf 92' lang='lat' dir='ltr'>in</span> <span class='ocrx_word' id='word_1_209' title='bbox 2031 2248 2142 2319; x_wconf 90' lang='lat' dir='ltr'>ipso</span> <span class='ocrx_word' id='word_1_210' title='bbox 2173 2267 2305 2300; x_wconf 91' lang='lat' dir='ltr'>com-</span> 
     </span>
     <span class='ocr_line' id='line_1_25' title="bbox 473 2330 2307 2401; baseline -0.002 -16"><span class='ocrx_word' id='word_1_211' title='bbox 473 2332 765 2385; x_wconf 88' lang='lat' dir='ltr'>municandi</span> <span class='ocrx_word' id='word_1_212' title='bbox 794 2338 913 2384; x_wconf 89' lang='lat' dir='ltr'>actu</span> <span class='ocrx_word' id='word_1_213' title='bbox 942 2338 995 2384; x_wconf 93' lang='lat' dir='ltr'>et</span> <span class='ocrx_word' id='word_1_214' title='bbox 1024 2331 1257 2396; x_wconf 86' lang='lat' dir='ltr'>articu10‚</span> <span class='ocrx_word' id='word_1_215' title='bbox 1287 2349 1440 2401; x_wconf 88' lang='lat' dir='ltr'>quam</span> <span class='ocrx_word' id='word_1_216' title='bbox 1474 2332 1539 2384; x_wconf 92' lang='lat' dir='ltr'>ab</span> <span class='ocrx_word' id='word_1_217' title='bbox 1576 2332 2037 2401; x_wconf 68' lang='lat' dir='ltr'>inqeniculando?</span> <span class='ocrx_word' id='word_1_218' title='bbox 2091 2332 2175 2383; x_wconf 89' lang='lat' dir='ltr'>Ex</span> <span class='ocrx_word' id='word_1_219' title='bbox 2207 2330 2307 2383; x_wconf 85' lang='lat' dir='ltr'>ista</span> 
     </span>
     <span class='ocr_line' id='line_1_26' title="bbox 474 2413 2307 2485; baseline -0.002 -17"><span class='ocrx_word' id='word_1_220' title='bbox 474 2415 610 2468; x_wconf 89' lang='lat' dir='ltr'>enim</span> <span class='ocrx_word' id='word_1_221' title='bbox 655 2413 1005 2485; x_wconf 89' lang='lat' dir='ltr'>suppositione</span> <span class='ocrx_word' id='word_1_222' title='bbox 1054 2413 1303 2483; x_wconf 89' lang='lat' dir='ltr'>sequitur,</span> <span class='ocrx_word' id='word_1_223' title='bbox 1345 2432 1374 2465; x_wconf 94' lang='lat' dir='ltr'>e</span> <span class='ocrx_word' id='word_1_224' title='bbox 1420 2415 1594 2467; x_wconf 83' lang='lat' dir='ltr'>tribus</span> <span class='ocrx_word' id='word_1_225' title='bbox 1632 2413 1730 2465; x_wconf 89' lang='lat' dir='ltr'>illis</span> <span class='ocrx_word' id='word_1_226' title='bbox 1776 2413 2004 2485; x_wconf 89' lang='lat' dir='ltr'>corporis</span> <span class='ocrx_word' id='word_1_227' title='bbox 2037 2414 2307 2482; x_wconf 74' lang='lat' dir='ltr'>posituris</span> 
     </span>
     <span class='ocr_line' id='line_1_27' title="bbox 473 2495 2307 2566; baseline -0.002 -17"><span class='ocrx_word' id='word_1_228' title='bbox 473 2498 667 2551; x_wconf 86' lang='lat' dir='ltr'>nullam</span> <span class='ocrx_word' id='word_1_229' title='bbox 707 2515 833 2559; x_wconf 88' lang='lat' dir='ltr'>esse,</span> <span class='ocrx_word' id='word_1_230' title='bbox 886 2514 1002 2566; x_wconf 86' lang='lat' dir='ltr'>quae</span> <span class='ocrx_word' id='word_1_231' title='bbox 1049 2513 1153 2547; x_wconf 93' lang='lat' dir='ltr'>non</span> <span class='ocrx_word' id='word_1_232' title='bbox 1200 2496 1433 2566; x_wconf 89' lang='lat' dir='ltr'>exemplo</span> <span class='ocrx_word' id='word_1_233' title='bbox 1480 2495 1674 2549; x_wconf 85' lang='lat' dir='ltr'>Christi</span> <span class='ocrx_word' id='word_1_234' title='bbox 1714 2514 1860 2566; x_wconf 87' lang='lat' dir='ltr'>aeque</span> <span class='ocrx_word' id='word_1_235' title='bbox 1904 2495 2214 2548; x_wconf 84' lang='lat' dir='ltr'>destituatur</span> <span class='ocrx_word' id='word_1_236' title='bbox 2248 2512 2307 2547; x_wconf 88' lang='lat' dir='ltr'>ac</span> 
     </span>
     <span class='ocr_line' id='line_1_28' title="bbox 474 2577 2309 2650; baseline -0.002 -19"><span class='ocrx_word' id='word_1_237' title='bbox 474 2582 696 2650; x_wconf 64' lang='lat' dir='ltr'>reliquae</span> <span class='ocrx_word' id='word_1_238' title='bbox 725 2582 863 2631; x_wconf 74' lang='lat' dir='ltr'>duce.</span> <span class='ocrx_word' id='word_1_239' title='bbox 917 2579 1149 2648; x_wconf 90' lang='lat' dir='ltr'>AEquum</span> <span class='ocrx_word' id='word_1_240' title='bbox 1179 2577 1396 2649; x_wconf 89' lang='lat' dir='ltr'>proinde</span> <span class='ocrx_word' id='word_1_241' title='bbox 1423 2596 1548 2641; x_wconf 88' lang='lat' dir='ltr'>esse,</span> <span class='ocrx_word' id='word_1_242' title='bbox 1580 2578 1718 2648; x_wconf 93' lang='lat' dir='ltr'>quod</span> <span class='ocrx_word' id='word_1_243' title='bbox 1745 2579 1809 2631; x_wconf 93' lang='lat' dir='ltr'>de</span> <span class='ocrx_word' id='word_1_244' title='bbox 1839 2588 2072 2648; x_wconf 78' lang='lat' dir='ltr'>quatuor</span> <span class='ocrx_word' id='word_1_245' title='bbox 2099 2579 2309 2630; x_wconf 80' lang='lat' dir='ltr'>ultimis</span> 
     </span>
     <span class='ocr_line' id='line_1_29' title="bbox 464 2659 2307 2730; baseline -0.002 -17"><span class='ocrx_word' id='word_1_246' title='bbox 464 2662 911 2730; x_wconf 70' lang='lat' dir='ltr'>praedicamentis</span> <span class='ocrx_word' id='word_1_247' title='bbox 951 2660 1105 2729; x_wconf 92' lang='lat' dir='ltr'>paulo</span> <span class='ocrx_word' id='word_1_248' title='bbox 1147 2668 1269 2711; x_wconf 90' lang='lat' dir='ltr'>ante</span> <span class='ocrx_word' id='word_1_249' title='bbox 1314 2660 1505 2712; x_wconf 89' lang='lat' dir='ltr'>dictum</span> <span class='ocrx_word' id='word_1_250' title='bbox 1545 2667 1637 2722; x_wconf 91' lang='lat' dir='ltr'>est,</span> <span class='ocrx_word' id='word_1_251' title='bbox 1676 2667 1736 2713; x_wconf 91' lang='lat' dir='ltr'>ut</span> <span class='ocrx_word' id='word_1_252' title='bbox 1773 2661 1887 2730; x_wconf 91' lang='lat' dir='ltr'>pari</span> <span class='ocrx_word' id='word_1_253' title='bbox 1920 2659 2040 2729; x_wconf 87' lang='lat' dir='ltr'>jure</span> <span class='ocrx_word' id='word_1_254' title='bbox 2069 2659 2307 2711; x_wconf 89' lang='lat' dir='ltr'>fruantur</span> 
     </span>
     <span class='ocr_line' id='line_1_30' title="bbox 475 2740 2307 2814; baseline -0.001 -20"><span class='ocrx_word' id='word_1_255' title='bbox 475 2742 726 2814; x_wconf 70' lang='lat' dir='ltr'>singulae:</span> <span class='ocrx_word' id='word_1_256' title='bbox 767 2741 1067 2811; x_wconf 85' lang='lat' dir='ltr'>pariterque</span> <span class='ocrx_word' id='word_1_257' title='bbox 1104 2741 1360 2793; x_wconf 86' lang='lat' dir='ltr'>universae</span> <span class='ocrx_word' id='word_1_258' title='bbox 1394 2741 1478 2793; x_wconf 85' lang='lat' dir='ltr'>vel</span> <span class='ocrx_word' id='word_1_259' title='bbox 1519 2748 1578 2793; x_wconf 93' lang='lat' dir='ltr'>ut</span> <span class='ocrx_word' id='word_1_260' title='bbox 1614 2759 1719 2793; x_wconf 86' lang='lat' dir='ltr'>reae</span> <span class='ocrx_word' id='word_1_261' title='bbox 1758 2744 2098 2801; x_wconf 82' lang='lat' dir='ltr'>damnentur,</span> <span class='ocrx_word' id='word_1_262' title='bbox 2135 2740 2218 2792; x_wconf 89' lang='lat' dir='ltr'>vel</span> <span class='ocrx_word' id='word_1_263' title='bbox 2248 2747 2307 2792; x_wconf 95' lang='lat' dir='ltr'>ut</span> 
     </span>
     <span class='ocr_line' id='line_1_31' title="bbox 474 2821 2307 2895; baseline -0.002 -19"><span class='ocrx_word' id='word_1_264' title='bbox 474 2824 748 2895; x_wconf 65' lang='lat' dir='ltr'>inculpat-ee</span> <span class='ocrx_word' id='word_1_265' title='bbox 784 2824 1147 2876; x_wconf 79' lang='lat' dir='ltr'>absolvantur.</span> <span class='ocrx_word' id='word_1_266' title='bbox 1239 2822 1295 2874; x_wconf 83' lang='lat' dir='ltr'>Si</span> <span class='ocrx_word' id='word_1_267' title='bbox 1333 2821 1521 2883; x_wconf 89' lang='lat' dir='ltr'>dicant,</span> <span class='ocrx_word' id='word_1_268' title='bbox 1563 2822 1703 2891; x_wconf 91' lang='lat' dir='ltr'>quod</span> <span class='ocrx_word' id='word_1_269' title='bbox 1738 2829 1817 2875; x_wconf 91' lang='lat' dir='ltr'>est</span> <span class='ocrx_word' id='word_1_270' title='bbox 1844 2822 2071 2892; x_wconf 89' lang='lat' dir='ltr'>ipsorum</span> <span class='ocrx_word' id='word_1_271' title='bbox 2100 2821 2307 2874; x_wconf 87' lang='lat' dir='ltr'>solenne</span> 
     </span>
    </p>
   </div>
   <div class='ocr_carea' id='block_1_5' title="bbox 1101 3005 1674 3054">
    <p class='ocr_par' dir='ltr' id='par_1_6' title="bbox 1101 3005 1674 3054">
     <span class='ocr_line' id='line_1_32' title="bbox 1101 3005 1674 3054; baseline 0.002 -12"><span class='ocrx_word' id='word_1_272' title='bbox 1101 3011 1118 3031; x_wconf 83' lang='lat'>¹¹</span> <span class='ocrx_word' id='word_1_273' title='bbox 1147 3005 1212 3054; x_wconf 84' lang='lat' dir='ltr'>[ex</span> <span class='ocrx_word' id='word_1_274' title='bbox 1229 3006 1366 3042; x_wconf 88' lang='lat' dir='ltr'>Persio</span> <span class='ocrx_word' id='word_1_275' title='bbox 1385 3006 1501 3043; x_wconf 86' lang='lat' dir='ltr'>Satir.</span> <span class='ocrx_word' id='word_1_276' title='bbox 1520 3006 1575 3043; x_wconf 91' lang='lat' dir='ltr'>iii.</span> <span class='ocrx_word' id='word_1_277' title='bbox 1593 3005 1674 3053; x_wconf 86' lang='lat'>30.]</span> 
     </span>
    </p>
   </div>
   <div class='ocr_carea' id='block_1_6' title="bbox 475 3107 2308 3872">
    <p class='ocr_par' dir='ltr' id='par_1_7' title="bbox 475 3107 2308 3521">
     <span class='ocr_line' id='line_1_33' title="bbox 562 3107 2308 3167; baseline 0.001 -15"><span class='ocrx_word' id='word_1_278' title='bbox 562 3113 634 3152; x_wconf 90' lang='grc'>21.</span> <span class='ocrx_word' id='word_1_279' title='bbox 699 3108 756 3151; x_wconf 92' lang='lat' dir='ltr'>In</span> <span class='ocrx_word' id='word_1_280' title='bbox 783 3120 973 3160; x_wconf 87' lang='lat' dir='ltr'>answer,</span> <span class='ocrx_word' id='word_1_281' title='bbox 998 3121 1067 3151; x_wconf 85' lang='lat' dir='ltr'>we</span> <span class='ocrx_word' id='word_1_282' title='bbox 1093 3107 1188 3160; x_wconf 86' lang='lat' dir='ltr'>ask,</span> <span class='ocrx_word' id='word_1_283' title='bbox 1200 3109 1308 3167; x_wconf 84' lang='lat' dir='ltr'>first</span> <span class='ocrx_word' id='word_1_284' title='bbox 1323 3124 1336 3150; x_wconf 89' lang='lat'>.·</span> <span class='ocrx_word' id='word_1_285' title='bbox 1371 3108 1508 3152; x_wconf 84' lang='lat' dir='ltr'>Since</span> <span class='ocrx_word' id='word_1_286' title='bbox 1534 3109 1571 3151; x_wconf 90' lang='lat' dir='ltr'>it</span> <span class='ocrx_word' id='word_1_287' title='bbox 1596 3108 1634 3152; x_wconf 92' lang='lat' dir='ltr'>is</span> <span class='ocrx_word' id='word_1_288' title='bbox 1656 3122 1706 3151; x_wconf 87' lang='lat' dir='ltr'>as</span> <span class='ocrx_word' id='word_1_289' title='bbox 1728 3108 1905 3152; x_wconf 87' lang='lat' dir='ltr'>certain</span> <span class='ocrx_word' id='word_1_290' title='bbox 1925 3107 2029 3152; x_wconf 89' lang='lat' dir='ltr'>that</span> <span class='ocrx_word' id='word_1_291' title='bbox 2052 3108 2206 3153; x_wconf 86' lang='lat' dir='ltr'>Christ</span> <span class='ocrx_word' id='word_1_292' title='bbox 2227 3109 2308 3153; x_wconf 89' lang='lat' dir='ltr'>did</span> 
     </span>
     <span class='ocr_line' id='line_1_34' title="bbox 475 3178 2307 3237; baseline 0 -13"><span class='ocrx_word' id='word_1_293' title='bbox 475 3185 560 3224; x_wconf 89' lang='lat' dir='ltr'>not</span> <span class='ocrx_word' id='word_1_294' title='bbox 590 3184 668 3223; x_wconf 90' lang='lat' dir='ltr'>eat</span> <span class='ocrx_word' id='word_1_295' title='bbox 692 3179 854 3236; x_wconf 88' lang='lat' dir='ltr'>sitting</span> <span class='ocrx_word' id='word_1_296' title='bbox 885 3192 937 3222; x_wconf 91' lang='lat' dir='ltr'>or</span> <span class='ocrx_word' id='word_1_297' title='bbox 962 3179 1192 3236; x_wconf 85' lang='lat' dir='ltr'>standing,</span> <span class='ocrx_word' id='word_1_298' title='bbox 1218 3194 1267 3222; x_wconf 89' lang='lat' dir='ltr'>as</span> <span class='ocrx_word' id='word_1_299' title='bbox 1289 3178 1392 3222; x_wconf 84' lang='lat' dir='ltr'>that</span> <span class='ocrx_word' id='word_1_300' title='bbox 1417 3179 1478 3222; x_wconf 91' lang='lat' dir='ltr'>he</span> <span class='ocrx_word' id='word_1_301' title='bbox 1509 3179 1589 3222; x_wconf 90' lang='lat' dir='ltr'>did</span> <span class='ocrx_word' id='word_1_302' title='bbox 1614 3183 1699 3223; x_wconf 89' lang='lat' dir='ltr'>not</span> <span class='ocrx_word' id='word_1_303' title='bbox 1730 3184 1806 3223; x_wconf 88' lang='lat' dir='ltr'>eat</span> <span class='ocrx_word' id='word_1_304' title='bbox 1825 3179 2068 3236; x_wconf 83' lang='lat' dir='ltr'>kneeling3</span> <span class='ocrx_word' id='word_1_305' title='bbox 2097 3179 2203 3237; x_wconf 87' lang='lat' dir='ltr'>why</span> <span class='ocrx_word' id='word_1_306' title='bbox 2227 3194 2307 3225; x_wconf 88' lang='lat' dir='ltr'>are</span> 
     </span>
     <span class='ocr_line' id='line_1_35' title="bbox 475 3249 2308 3308; baseline 0.001 -15"><span class='ocrx_word' id='word_1_307' title='bbox 475 3266 544 3296; x_wconf 87' lang='lat' dir='ltr'>we</span> <span class='ocrx_word' id='word_1_308' title='bbox 577 3256 662 3294; x_wconf 92' lang='lat' dir='ltr'>not</span> <span class='ocrx_word' id='word_1_309' title='bbox 697 3264 746 3293; x_wconf 90' lang='lat' dir='ltr'>as</span> <span class='ocrx_word' id='word_1_310' title='bbox 778 3249 919 3293; x_wconf 88' lang='lat' dir='ltr'>much</span> <span class='ocrx_word' id='word_1_311' title='bbox 941 3250 1127 3307; x_wconf 85' lang='lat' dir='ltr'>obliged</span> <span class='ocrx_word' id='word_1_312' title='bbox 1157 3250 1220 3307; x_wconf 90' lang='lat' dir='ltr'>by</span> <span class='ocrx_word' id='word_1_313' title='bbox 1250 3250 1321 3293; x_wconf 92' lang='lat' dir='ltr'>his</span> <span class='ocrx_word' id='word_1_314' title='bbox 1358 3251 1570 3307; x_wconf 86' lang='lat' dir='ltr'>example</span> <span class='ocrx_word' id='word_1_315' title='bbox 1602 3255 1653 3293; x_wconf 88' lang='lat' dir='ltr'>to</span> <span class='ocrx_word' id='word_1_316' title='bbox 1689 3250 1872 3293; x_wconf 90' lang='lat' dir='ltr'>abstain</span> <span class='ocrx_word' id='word_1_317' title='bbox 1903 3250 2026 3294; x_wconf 87' lang='lat' dir='ltr'>from</span> <span class='ocrx_word' id='word_1_318' title='bbox 2059 3251 2220 3308; x_wconf 87' lang='lat' dir='ltr'>sitting</span> <span class='ocrx_word' id='word_1_319' title='bbox 2254 3265 2308 3295; x_wconf 88' lang='lat' dir='ltr'>or</span> 
     </span>
     <span class='ocr_line' id='line_1_36' title="bbox 475 3310 2306 3379; baseline -0.002 -12"><span class='ocrx_word' id='word_1_320' title='bbox 475 3323 693 3379; x_wconf 84' lang='lat' dir='ltr'>standing</span> <span class='ocrx_word' id='word_1_321' title='bbox 723 3335 772 3365; x_wconf 88' lang='lat' dir='ltr'>as</span> <span class='ocrx_word' id='word_1_322' title='bbox 797 3321 921 3364; x_wconf 85' lang='lat' dir='ltr'>from</span> <span class='ocrx_word' id='word_1_323' title='bbox 945 3320 1197 3378; x_wconf 87' lang='lat' dir='ltr'>kneeling?</span> <span class='ocrx_word' id='word_1_324' title='bbox 1260 3321 1327 3365; x_wconf 86' lang='lat' dir='ltr'>Of</span> <span class='ocrx_word' id='word_1_325' title='bbox 1353 3321 1486 3365; x_wconf 88' lang='lat' dir='ltr'>these</span> <span class='ocrx_word' id='word_1_326' title='bbox 1520 3320 1655 3365; x_wconf 88' lang='lat' dir='ltr'>three</span> <span class='ocrx_word' id='word_1_327' title='bbox 1689 3310 1916 3379; x_wconf 86' lang='lat' dir='ltr'>postures,</span> <span class='ocrx_word' id='word_1_328' title='bbox 1942 3321 2059 3365; x_wconf 90' lang='lat' dir='ltr'>each</span> <span class='ocrx_word' id='word_1_329' title='bbox 2082 3322 2121 3365; x_wconf 90' lang='lat' dir='ltr'>is</span> <span class='ocrx_word' id='word_1_330' title='bbox 2146 3336 2196 3365; x_wconf 90' lang='lat' dir='ltr'>as</span> <span class='ocrx_word' id='word_1_331' title='bbox 2221 3336 2306 3365; x_wconf 86' lang='lat' dir='ltr'>un-</span> 
     </span>
     <span class='ocr_line' id='line_1_37' title="bbox 476 3391 2306 3452; baseline -0.001 -14"><span class='ocrx_word' id='word_1_332' title='bbox 476 3393 732 3452; x_wconf 90' lang='lat' dir='ltr'>supported</span> <span class='ocrx_word' id='word_1_333' title='bbox 751 3393 815 3450; x_wconf 92' lang='lat' dir='ltr'>by</span> <span class='ocrx_word' id='word_1_334' title='bbox 838 3392 919 3435; x_wconf 89' lang='lat' dir='ltr'>the</span> <span class='ocrx_word' id='word_1_335' title='bbox 942 3392 1157 3450; x_wconf 88' lang='lat' dir='ltr'>example</span> <span class='ocrx_word' id='word_1_336' title='bbox 1182 3392 1237 3436; x_wconf 83' lang='lat' dir='ltr'>of</span> <span class='ocrx_word' id='word_1_337' title='bbox 1266 3392 1422 3437; x_wconf 85' lang='lat' dir='ltr'>Christ</span> <span class='ocrx_word' id='word_1_338' title='bbox 1448 3407 1497 3437; x_wconf 88' lang='lat' dir='ltr'>as</span> <span class='ocrx_word' id='word_1_339' title='bbox 1519 3392 1600 3436; x_wconf 89' lang='lat' dir='ltr'>the</span> <span class='ocrx_word' id='word_1_340' title='bbox 1622 3391 1757 3436; x_wconf 85' lang='lat' dir='ltr'>other</span> <span class='ocrx_word' id='word_1_341' title='bbox 1781 3397 1888 3436; x_wconf 90' lang='lat' dir='ltr'>two.</span> <span class='ocrx_word' id='word_1_342' title='bbox 1965 3391 2042 3435; x_wconf 93' lang='lat' dir='ltr'>All</span> <span class='ocrx_word' id='word_1_343' title='bbox 2067 3392 2147 3437; x_wconf 84' lang='lat' dir='ltr'>the</span> <span class='ocrx_word' id='word_1_344' title='bbox 2172 3392 2306 3436; x_wconf 85' lang='lat' dir='ltr'>three</span> 
     </span>
     <span class='ocr_line' id='line_1_38' title="bbox 476 3463 1055 3521; baseline -0.005 -12"><span class='ocrx_word' id='word_1_345' title='bbox 476 3465 613 3509; x_wconf 89' lang='lat' dir='ltr'>stand</span> <span class='ocrx_word' id='word_1_346' title='bbox 639 3478 700 3507; x_wconf 93' lang='lat' dir='ltr'>on</span> <span class='ocrx_word' id='word_1_347' title='bbox 719 3464 814 3507; x_wconf 89' lang='lat' dir='ltr'>like</span> <span class='ocrx_word' id='word_1_348' title='bbox 838 3463 1055 3521; x_wconf 86' lang='lat' dir='ltr'>grounds.</span> 
     </span>
    </p>

    <p class='ocr_par' dir='ltr' id='par_1_8' title="bbox 477 3532 2305 3663">
     <span class='ocr_line' id='line_1_39' title="bbox 570 3532 2305 3592; baseline -0.001 -15"><span class='ocrx_word' id='word_1_349' title='bbox 570 3535 702 3592; x_wconf 91' lang='lat' dir='ltr'>They</span> <span class='ocrx_word' id='word_1_350' title='bbox 733 3535 880 3592; x_wconf 89' lang='lat' dir='ltr'>reply,</span> <span class='ocrx_word' id='word_1_351' title='bbox 916 3534 1021 3577; x_wconf 88' lang='lat' dir='ltr'>that</span> <span class='ocrx_word' id='word_1_352' title='bbox 1049 3534 1274 3592; x_wconf 85' lang='lat' dir='ltr'>reclining</span> <span class='ocrx_word' id='word_1_353' title='bbox 1307 3534 1406 3585; x_wconf 87' lang='lat' dir='ltr'>has,</span> <span class='ocrx_word' id='word_1_354' title='bbox 1436 3533 1499 3591; x_wconf 93' lang='lat' dir='ltr'>by</span> <span class='ocrx_word' id='word_1_355' title='bbox 1538 3533 1619 3577; x_wconf 89' lang='lat' dir='ltr'>the</span> <span class='ocrx_word' id='word_1_356' title='bbox 1663 3538 1843 3578; x_wconf 88' lang='lat' dir='ltr'>custom</span> <span class='ocrx_word' id='word_1_357' title='bbox 1878 3532 1933 3576; x_wconf 81' lang='lat' dir='ltr'>of</span> <span class='ocrx_word' id='word_1_358' title='bbox 1962 3532 2150 3589; x_wconf 85' lang='lat' dir='ltr'>society,</span> <span class='ocrx_word' id='word_1_359' title='bbox 2184 3532 2305 3576; x_wconf 90' lang='lat' dir='ltr'>been</span> 
     </span>
     <span class='ocr_line' id='line_1_40' title="bbox 477 3602 2109 3663; baseline -0.004 -14"><span class='ocrx_word' id='word_1_360' title='bbox 477 3606 734 3650; x_wconf 85' lang='lat' dir='ltr'>succeeded</span> <span class='ocrx_word' id='word_1_361' title='bbox 759 3606 819 3663; x_wconf 87' lang='lat' dir='ltr'>by</span> <span class='ocrx_word' id='word_1_362' title='bbox 843 3606 1017 3662; x_wconf 87' lang='lat' dir='ltr'>sitting,</span> <span class='ocrx_word' id='word_1_363' title='bbox 1042 3606 1135 3648; x_wconf 88' lang='lat' dir='ltr'>and</span> <span class='ocrx_word' id='word_1_364' title='bbox 1160 3605 1244 3648; x_wconf 87' lang='lat' dir='ltr'>has</span> <span class='ocrx_word' id='word_1_365' title='bbox 1264 3610 1348 3648; x_wconf 88' lang='lat' dir='ltr'>not</span> <span class='ocrx_word' id='word_1_366' title='bbox 1368 3605 1489 3648; x_wconf 89' lang='lat' dir='ltr'>been</span> <span class='ocrx_word' id='word_1_367' title='bbox 1509 3604 1767 3648; x_wconf 88' lang='lat' dir='ltr'>succeeded</span> <span class='ocrx_word' id='word_1_368' title='bbox 1791 3603 1854 3660; x_wconf 92' lang='lat' dir='ltr'>by</span> <span class='ocrx_word' id='word_1_369' title='bbox 1877 3602 2109 3659; x_wconf 88' lang='lat' dir='ltr'>kneeling.</span> 
     </span>
    </p>

    <p class='ocr_par' dir='ltr' id='par_1_9' title="bbox 479 3672 2307 3872">
     <span class='ocr_line' id='line_1_41' title="bbox 569 3672 2307 3732; baseline -0.001 -14"><span class='ocrx_word' id='word_1_370' title='bbox 569 3677 656 3719; x_wconf 89' lang='lat' dir='ltr'>We</span> <span class='ocrx_word' id='word_1_371' title='bbox 690 3676 805 3719; x_wconf 89' lang='lat' dir='ltr'>then</span> <span class='ocrx_word' id='word_1_372' title='bbox 830 3676 913 3719; x_wconf 87' lang='lat' dir='ltr'>ask</span> <span class='ocrx_word' id='word_1_373' title='bbox 944 3676 1088 3727; x_wconf 89' lang='lat' dir='ltr'>them,</span> <span class='ocrx_word' id='word_1_374' title='bbox 1120 3676 1351 3732; x_wconf 67' lang='lat' dir='ltr'>secondly:</span> <span class='ocrx_word' id='word_1_375' title='bbox 1390 3675 1440 3718; x_wconf 87' lang='lat' dir='ltr'>If</span> <span class='ocrx_word' id='word_1_376' title='bbox 1466 3675 1547 3718; x_wconf 88' lang='lat' dir='ltr'>the</span> <span class='ocrx_word' id='word_1_377' title='bbox 1571 3674 1686 3717; x_wconf 87' lang='lat' dir='ltr'>tacit</span> <span class='ocrx_word' id='word_1_378' title='bbox 1725 3677 1905 3716; x_wconf 88' lang='lat' dir='ltr'>custom</span> <span class='ocrx_word' id='word_1_379' title='bbox 1932 3672 1986 3715; x_wconf 88' lang='lat' dir='ltr'>of</span> <span class='ocrx_word' id='word_1_380' title='bbox 2015 3686 2107 3729; x_wconf 91' lang='lat' dir='ltr'>any</span> <span class='ocrx_word' id='word_1_381' title='bbox 2131 3673 2307 3730; x_wconf 85' lang='lat' dir='ltr'>society</span> 
     </span>
     <span class='ocr_line' id='line_1_42' title="bbox 481 3741 2306 3803; baseline -0.002 -15"><span class='ocrx_word' id='word_1_382' title='bbox 481 3744 597 3802; x_wconf 86' lang='lat' dir='ltr'>(say,</span> <span class='ocrx_word' id='word_1_383' title='bbox 619 3746 673 3789; x_wconf 83' lang='lat' dir='ltr'>of</span> <span class='ocrx_word' id='word_1_384' title='bbox 687 3746 877 3802; x_wconf 89' lang='lat' dir='ltr'>English</span> <span class='ocrx_word' id='word_1_385' title='bbox 900 3741 1111 3803; x_wconf 88' lang='lat' dir='ltr'>society,)</span> <span class='ocrx_word' id='word_1_386' title='bbox 1127 3747 1165 3790; x_wconf 88' lang='lat' dir='ltr'>is</span> <span class='ocrx_word' id='word_1_387' title='bbox 1186 3746 1413 3789; x_wconf 88' lang='lat' dir='ltr'>sufficient</span> <span class='ocrx_word' id='word_1_388' title='bbox 1432 3749 1482 3788; x_wconf 90' lang='lat' dir='ltr'>to</span> <span class='ocrx_word' id='word_1_389' title='bbox 1504 3756 1640 3787; x_wconf 87' lang='lat' dir='ltr'>cause</span> <span class='ocrx_word' id='word_1_390' title='bbox 1660 3743 1886 3799; x_wconf 89' lang='lat' dir='ltr'>reclining</span> <span class='ocrx_word' id='word_1_391' title='bbox 1905 3747 1954 3786; x_wconf 94' lang='lat' dir='ltr'>to</span> <span class='ocrx_word' id='word_1_392' title='bbox 1970 3742 2029 3786; x_wconf 93' lang='lat' dir='ltr'>be</span> <span class='ocrx_word' id='word_1_393' title='bbox 2051 3744 2306 3787; x_wconf 89' lang='lat' dir='ltr'>succeeded</span> 
     </span>
     <span class='ocr_line' id='line_1_43' title="bbox 479 3811 2306 3872; baseline -0.001 -14"><span class='ocrx_word' id='word_1_394' title='bbox 479 3815 543 3872; x_wconf 89' lang='lat' dir='ltr'>by</span> <span class='ocrx_word' id='word_1_395' title='bbox 563 3815 723 3870; x_wconf 84' lang='lat' dir='ltr'>sitting</span> <span class='ocrx_word' id='word_1_396' title='bbox 743 3829 796 3857; x_wconf 85' lang='lat' dir='ltr'>or</span> <span class='ocrx_word' id='word_1_397' title='bbox 816 3816 1047 3871; x_wconf 88' lang='lat' dir='ltr'>standing,</span> <span class='ocrx_word' id='word_1_398' title='bbox 1068 3821 1117 3859; x_wconf 88' lang='lat' dir='ltr'>at</span> <span class='ocrx_word' id='word_1_399' title='bbox 1133 3830 1219 3859; x_wconf 91' lang='lat' dir='ltr'>our</span> <span class='ocrx_word' id='word_1_400' title='bbox 1239 3828 1454 3859; x_wconf 90' lang='lat' dir='ltr'>common</span> <span class='ocrx_word' id='word_1_401' title='bbox 1469 3813 1638 3865; x_wconf 83' lang='lat' dir='ltr'>meals3</span> <span class='ocrx_word' id='word_1_402' title='bbox 1663 3811 1768 3871; x_wconf 87' lang='lat' dir='ltr'>why</span> <span class='ocrx_word' id='word_1_403' title='bbox 1787 3827 1896 3871; x_wconf 89' lang='lat' dir='ltr'>may</span> <span class='ocrx_word' id='word_1_404' title='bbox 1913 3817 1996 3856; x_wconf 88' lang='lat' dir='ltr'>not</span> <span class='ocrx_word' id='word_1_405' title='bbox 2009 3813 2090 3857; x_wconf 82' lang='lat' dir='ltr'>the</span> <span class='ocrx_word' id='word_1_406' title='bbox 2109 3814 2306 3870; x_wconf 82' lang='lat' dir='ltr'>positive</span> 
     </span>
    </p>
   </div>
  </div>
 </body>
</html>
