2482 4166
848 308 1230 352 PRAELECTIO
1274 308 1498 354 SEXTA.
1990 305 2093 356 193

256 456 458 492 omnem
490 435 648 507 ipsius
684 441 856 490 actum
896 439 1080 490 liberis
1109 439 1187 489 ad
1214 438 1529 490 utrumlibet
1557 441 1786 489 statuere
1815 437 2009 508 aliquid
2037 440 2091 493 in

255 518 553 573 utramlibet
604 525 809 590 partem
865 520 1294 588 (determinando
1346 518 1485 571 illam
1544 512 1894 596 ἀδιαφορίαν)
1952 523 2090 590 quod

254 603 450 671 obliget
479 604 831 655 conscientias
869 601 1191 655 subditorum
1220 601 1289 654 ad
1318 601 1676 655 obediendum.
1767 602 1911 655 Sicut
1954 603 2090 655 enim

255 683 309 736 in
349 684 475 746 cib0,
524 691 650 754 potu
697 690 751 736 et
797 684 1162 755 voluptatibuS,
1199 683 1254 736 in
1300 684 1472 736 dando
1517 683 1642 737 item
1689 691 1743 738 et
1777 684 2089 755 accipiendO,

245 768 550 837 prudentia
577 768 787 820 Ethica
815 785 1050 838 personae
1089 767 1323 838 privatae,
1361 766 1750 837 praestituendO,
1796 767 1893 820 sibi
1931 785 2091 837 quan-

256 849 376 902 dam
405 851 862 913 Alediocritatem,
908 850 988 903 sic·
1009 849 1181 903 evehit
1211 860 1365 903 actus·
1400 849 1514 901 illos
1548 849 1812 903 naturales
1839 857 1892 903 et
1920 852 2091 920 indif-

237 934 477 1001 ferentes
505 932 645 985 ultra
674 940 866 986 statum
895 952 1041 986 suum
1072 940 1126 986 et
1153 932 1382 985 nativam
1417 931 1774 994 conditionem,
1816 939 1875 986 ut
1904 933 2091 986 exinde

253 1014 500 1085 incipiant
530 1033 641 1067 esse
679 1026 834 1069 actus
871 1018 1150 1078 virtutum,
1187 1018 1242 1068 T
1238 1017 1585 1085 emperantia&
1620 1015 1812 1069 scilicet
1849 1022 1902 1070 et
1929 1018 2090 1070 Libe-

254 1099 536 1150 ralitatis.-
567 1097 651 1150 Sic
679 1116 914 1168 personae
952 1098 1157 1168 publica
1185 1097 1494 1151 auctoritate
1527 1098 1764 1169 praeditae
1783 1101 2089 1169 prudentia

244 1181 497 1249 politica,
528 1180 899 1250 praestituendo
927 1180 1143 1234 subditis
1172 1180 1274 1233 suis
1313 1188 1481 1234 certos
1522 1181 1658 1235 circa
1697 1201 1782 1235 res
1810 1184 2017 1236 medias
2041 1192 2091 1236 et

257 1263 456 1315 liberas
484 1262 851 1316 mediocritatis
880 1263 1021 1325 fines,
1053 1263 1124 1316 sic
1160 1262 1333 1316 evehit
1372 1274 1527 1316 actus
1564 1264 1677 1316 illos
1721 1283 1848 1335 quos
1889 1264 2090 1336 legibus

253 1344 488 1415 praecipit
509 1345 649 1398 ultra
673 1345 876 1416 pristini
905 1345 983 1398 sui
1009 1353 1174 1399 status
1196 1346 1432 1418 gradum,
1455 1353 1514 1398 ut
1542 1345 1790 1418 incipiant
1812 1365 1921 1401 esse
1949 1347 2093 1400 dein-

254 1445 374 1497 ceps
403 1438 557 1481 actus
585 1430 864 1491 virtutum,
904 1431 1229 1482 obedientiae
1256 1428 1462 1492 scilicet,
1494 1435 1548 1482 et
1574 1432 1821 1483 Justitz’oe
1848 1432 2090 1500 Leyalis.

371 1511 580 1562 XXIII.
670 1512 777 1563 Res
821 1518 1005 1581 aperta
1050 1530 1144 1564 nec
1189 1510 1433 1564 habitura
1479 1511 1850 1577 adversarium,
1899 1512 1942 1564 si
1984 1530 2089 1565 non

252 1592 416 1645 nostri
452 1592 624 1655 seculi,
668 1592 769 1645 imo
812 1600 866 1645 et
902 1592 1085 1665 gentis,
1128 1595 1530 1662 Reformatores
1571 1594 1820 1663 quosdam
1848 1593 2092 1647 rinxisset

251 1680 359 1727 tam
388 1674 659 1727 manifesta
687 1674 900 1728 veritas:
932 1674 1019 1745 qui
1048 1693 1149 1745 quo
1179 1675 1275 1728 sibi
1303 1675 1371 1727 ad
1400 1674 1554 1739 illam,
1597 1676 1666 1728 ad
1699 1693 1853 1746 quam
1882 1677 2091 1729 anhela-

251 1757 393 1819 bant,
433 1750 781 1832 ψευδώνυμον
810 1759 1245 1827 reformationem
1283 1757 1418 1810 viam
1462 1765 1756 1822 struerent;
1798 1759 2093 1813 maluerunt

251 1846 430 1892 contra
480 1858 798 1892 communem
856 1839 1120 1893 hominum
1179 1858 1384 1893 sensum
1437 1835 1763 1918 ἀδιαφορίαν
1813 1860 2015 1895 omnem
2060 1861 2090 1895 e

248 1922 406 1975 rebus
448 1922 651 1993 penitus
694 1922 950 1976 sublatum
990 1923 1082 1986 ire,
1129 1941 1283 1993 quam
1327 1922 1483 1975 ullam
1514 1924 1843 1996 magistratui
1873 1925 1938 1977 de
1968 1927 2092 1978 riti-

252 2006 351 2058 bus
404 2004 665 2058 statuendi
718 2012 1027 2076 potestatem
1071 2006 1369 2058 concedere.
1449 2008 1608 2058 Prors
1651 2014 1772 2059 usut
1822 2007 2090 2060 mMacedo

246 2085 350 2150 ille,
393 2087 480 2157 qui
534 2089 804 2141 Gordium
861 2088 1113 2141 difficilem
1169 2090 1383 2151 nodum,
1433 2107 1585 2158 quem
1630 2089 1771 2141 nulla
1820 2096 1935 2142 arte
1981 2091 2092 2142 dis-

251 2171 450 2223 solvere
478 2169 663 2239 potuit,
696 2169 869 2241 gladio
899 2172 1171 2223 dissecuit.
1257 2171 1509 2223 Veterum
1551 2173 1853 2225 Stoicorum
1889 2171 1943 2224 in
1975 2172 2089 2234 hoc,

252 2257 311 2303 ut
356 2258 410 2304 et
453 2251 507 2303 in
552 2251 665 2303 aliis
713 2270 817 2304 non
865 2252 1056 2323 paucis,
1122 2251 1331 2323 genuini
1381 2255 1643 2323 discipuli
1657 2273 1678 2316 ;
1735 2255 1824 2324 qui
1874 2254 2093 2325 sapienti

249 2332 379 2385 nihil
421 2333 706 2387 docuerunt
746 2352 857 2386 esse
896 2337 1224 2404 indzfferens,
1271 2353 1384 2387 cum
1415 2336 1600 2398 omnia,
1657 2335 1811 2390 etiam
1841 2337 2093 2390 minutula

251 2433 484 2486 quaeque,
529 2433 692 2485 usque
738 2419 815 2469 ad
863 2419 1030 2487 diyiti
1080 2420 1438 2481 eoesertionem,
1497 2425 1644 2472 recta
1698 2419 1900 2473 ratione
1949 2427 2089 2492 agat.

253 2497 339 2551 Illi
379 2506 553 2553 tamen
582 2493 910 2576 ἀδιαφορίαν
944 2518 973 2552 e
1011 2501 1165 2554 rebus
1194 2500 1269 2553 ita
1303 2501 1621 2555 sustulerunt
1650 2502 1838 2567 verbiS,
1882 2509 1942 2556 ut
1978 2520 2093 2555 eam

399 2693 429 2714 ¹¹¹
458 2687 572 2738 [Vid.
592 2687 741 2726 Justin.
766 2687 871 2725 Hist.
889 2687 978 2724 Lib.
1001 2698 1030 2724 1.
1053 2699 1139 2736 cap.
1158 2689 1232 2726 vii:
1264 2690 1403 2734 Quint.
1425 2691 1541 2728 Curt.
1560 2691 1650 2728 Lib.
1673 2702 1742 2729 111.
1762 2703 1849 2740 cap.
1868 2690 1916 2739 i.]

248 2798 431 2839 stance:
465 2808 516 2839 so
537 2795 586 2838 in
606 2794 688 2838 the
709 2795 910 2839 conduct
931 2794 986 2838 of
996 2794 1153 2852 public
1173 2794 1270 2848 life,
1290 2799 1484 2840 matters
1510 2797 1778 2841 indifferent
1802 2811 1897 2850 are,
1915 2797 1978 2855 by
2009 2797 2091 2842 the

249 2866 451 2910 exercise
476 2866 532 2910 of
549 2866 631 2910 the
651 2866 868 2909 Political
887 2866 1133 2910 Prudence
1159 2866 1214 2910 of
1233 2880 1262 2910 a
1292 2868 1400 2912 wise
1420 2869 1709 2926 Magistrate,
1743 2869 1956 2914 elevated
1987 2870 2087 2914 into

247 2942 346 2981 acts
374 2937 428 2980 of
441 2937 736 2990 Virtue,—-of
755 2938 1021 2982 Obedience
1046 2938 1139 2981 and
1159 2939 1305 2996 Legal
1324 2940 1354 2983 J
1357 2940 1516 2984 ustice.

340 3005 405 3062 [It
428 3009 522 3052 will
553 3009 613 3053 be
644 3009 868 3053 observed
895 3009 999 3053 that
1031 3010 1297 3054 Sanderson
1331 3011 1445 3055 here
1478 3011 1644 3069 adopts
1675 3011 1757 3055 the
1783 3010 2086 3055 Aristotelian

248 3079 463 3130 formula,
486 3080 636 3124 which
655 3081 814 3125 makes
835 3080 1133 3124 Moderation
1154 3080 1236 3125 the
1258 3082 1497 3126 condition
1518 3083 1571 3126 of
1586 3083 1766 3126 Virtue.

342 3149 409 3192 Of
438 3150 520 3193 the
544 3165 741 3194 manner
760 3153 811 3194 in
834 3151 985 3195 which
1013 3152 1187 3209 Things
1213 3153 1489 3197 Indifferent
1515 3168 1623 3211 may
1653 3154 1713 3198 be
1739 3152 1951 3197 elevated
1981 3153 2082 3197 into

249 3220 484 3264 occasions
506 3221 560 3264 of
578 3222 742 3272 virtue,
764 3236 841 3265 see
867 3223 1011 3265 Elem.
1038 3222 1207 3265 Moral.
1232 3222 1332 3267 Art.
1363 3228 1463 3276 332,
1485 3222 1592 3277 &c.]

340 3294 413 3333 23.
477 3290 578 3333 The
610 3292 823 3348 opposite
849 3292 1074 3343 doctrine,
1100 3292 1205 3336 that
1227 3293 1362 3337 there
1387 3309 1467 3338 are
1495 3309 1557 3338 no
1588 3294 1763 3352 Things
1795 3294 2085 3347 Indifferent,

248 3374 340 3404 was
359 3360 469 3404 held
489 3361 552 3418 by
571 3360 653 3404 the
671 3362 819 3405 Stoics
840 3362 889 3404 in
909 3363 1096 3406 anclent
1115 3364 1265 3415 times,
1285 3364 1388 3408 who
1409 3366 1693 3408 maintained
1711 3366 1815 3409 that
1836 3378 1977 3424 every
1997 3371 2087 3418 act,

248 3445 365 3475 even
396 3436 446 3475 to
476 3431 557 3475 the
590 3431 748 3488 lifting
781 3432 835 3475 of
859 3446 888 3474 a
926 3432 1087 3489 finger,
1122 3433 1161 3476 is
1197 3441 1245 3477 to
1276 3434 1336 3478 be
1373 3436 1608 3492 governed
1641 3436 1705 3493 by
1738 3436 1864 3493 right
1897 3451 2078 3482 reason.

247 3503 342 3546 But
363 3502 475 3560 they
495 3516 629 3554 were,
650 3502 978 3554 nevertheless,
1004 3504 1263 3560 compelled
1283 3509 1333 3548 to
1358 3506 1492 3549 allow
1512 3506 1616 3550 that
1641 3506 1774 3551 there
1799 3507 1949 3564 might
1970 3508 2029 3552 be
2055 3523 2085 3554 a

248 3574 498 3618 difference
524 3573 578 3617 of
596 3573 751 3631 things
776 3565 1014 3631 preferred
1037 3574 1129 3617 and
1147 3577 1405 3632 postponed.
1463 3577 1564 3620 The
1596 3591 1723 3621 same
1753 3579 1965 3622 doctrine
1994 3579 2080 3623 has

245 3644 368 3688 been
390 3645 502 3689 held
526 3645 575 3687 in
599 3646 794 3689 modern
819 3645 955 3688 times
982 3645 1042 3702 by
1073 3659 1201 3690 some
1226 3646 1474 3691 vehement
1498 3648 1792 3693 Reformers:
1834 3651 2083 3708 especially

246 3730 337 3760 one
359 3716 645 3773 Theologian
665 3717 759 3760 and
779 3730 867 3761 one
888 3717 1112 3774 Layman,
1132 3717 1249 3762 both
1273 3718 1416 3778 lately
1441 3719 1588 3773 dead;
1615 3720 1701 3765 but
1721 3720 1841 3766 need
1861 3726 1946 3765 not
1964 3721 2080 3766 here

244 3787 305 3832 be
329 3788 515 3832 refuted
538 3787 732 3832 further.

416 3908 625 3983 [SAND.]
1754 3876 1823 3927 13
