2482 4166
858 264 1241 309 PRAELECTIO
1281 264 1544 310 DECIMA.
2018 261 2123 314 299

282 396 552 468 ipsumque
593 392 750 449 etiam
782 404 1004 466 patrem
1031 394 1300 464 familias
1339 392 1430 463 qui
1467 391 1680 463 reliquis
1720 400 1946 464 praeest;
1989 414 2124 451 nunc

281 496 372 532 eos
399 484 601 531 tantum
631 477 720 547 qui
748 477 843 530 sub
869 476 1028 547 ipsius
1056 476 1271 547 imperio
1300 481 1435 539 sunt,
1476 482 1528 528 et
1557 493 1777 546 quorum
1806 476 1916 546 ipse
1945 496 2122 532 curam

280 560 452 632 gerit:
496 562 568 613 Et
606 562 901 614 Exercitus
938 558 1159 621 nomine,
1197 558 1326 611 alias
1365 557 1658 611 continetur
1692 576 1799 611 una
1845 577 1960 611 cum
1995 561 2125 613 mili-

282 643 421 696 tibus
476 642 588 714 ipse
647 641 803 695 etiam
851 645 1177 712 Imperator,
1234 640 1362 694 alias
1417 658 1522 693 non
1575 639 1882 694 continetur.
1973 643 2126 705 Quod

281 724 420 778 idem
448 732 502 779 et
529 724 584 777 in
615 727 806 795 Requi,
826 726 1196 787 Parlamenti,
1233 723 1449 794 aliisque
1477 722 1532 776 id
1560 741 1725 795 genus
1751 722 1978 786 vocibuS,
2010 743 2127 794 quae

282 807 573 880 significant
607 810 963 861 collectionem
1008 807 1216 877 quidem
1248 806 1546 868 multorum,
1586 824 1702 858 cum
1742 805 1924 859 ordine
1952 813 2127 860 tamen

282 898 338 944 et
370 890 573 944 ratione
617 891 686 944 ad
733 909 901 943 uuum
934 889 1144 959 aliquod
1178 888 1322 943 velut
1360 887 1666 960 principium
1695 894 1749 942 et
1777 895 1947 960 caput,
1977 889 2127 943 facile

283 979 364 1026 est
419 990 647 1025 cernere.
734 973 905 1044 Igitur
953 971 996 1024 si
1051 989 1157 1024 non
1203 974 1387 1024 animo
1436 972 1678 1040 maligyno
1733 972 1822 1039 (ut
1879 972 2127 1042 suspicari

229 1111 234 1113 ,
282 1054 422 1124 licet)
462 1061 518 1108 at
556 1061 698 1108 certe
729 1056 1191 1125 periculosissimo
1234 1073 1414 1108 errore
1445 1054 1638 1106 factum
1672 1061 1766 1117 est,
1800 1061 1859 1107 ut
1888 1055 2028 1124 quod
2058 1056 2124 1108 de

273 1139 480 1208 populo
518 1137 691 1208 priore
729 1156 881 1190 sensu
924 1136 1116 1190 dictum
1162 1143 1256 1200 est,
1304 1138 1571 1191 collective
1619 1136 1811 1189 scilicet
1855 1145 1909 1190 et
1954 1144 2014 1190 ut
2063 1156 2127 1191 ea

285 1239 387 1272 vox
412 1220 768 1292 complectitur
795 1219 1042 1272 inclusive
1069 1230 1238 1272 totam
1265 1221 1715 1282 communitatem,
1747 1219 1780 1273 i.
1801 1238 1845 1273 e.
1877 1237 1982 1272 una
2010 1238 2126 1273 cum

284 1302 503 1355 subditis
541 1302 839 1373 principem,
878 1303 1250 1372 detorqueatur
1294 1309 1348 1355 et
1391 1302 1805 1355 accommodetur
1844 1304 2044 1373 populo
2071 1303 2126 1355 in

283 1385 573 1456 posteriore
601 1385 913 1456 acceptione,
944 1387 983 1439 i.
1007 1404 1047 1438 e.
1090 1387 1220 1439 solis
1248 1387 1483 1439 subditis
1512 1384 1786 1439 exclusive.

410 1469 507 1522 XI.
595 1469 668 1522 At
722 1468 810 1538 qui
855 1474 1093 1521 constare
1143 1467 1335 1538 poterit
1385 1467 1548 1530 nobiS,
1605 1466 1861 1537 inquietiS,
1912 1469 2125 1539 Populi

284 1550 682 1621 appellationem
732 1550 906 1621 priore
953 1568 1106 1603 sensu
1159 1557 1214 1602 et
1259 1551 1541 1612 collective,
1592 1548 1645 1601 in
1697 1550 1796 1603 isto
1849 1549 2127 1603 Axiomate

283 1633 505 1705 intelligi
544 1633 736 1687 debere
771 1633 958 1704 potius,
997 1650 1152 1702 quam
1187 1632 1475 1703 posteriore
1515 1638 1569 1685 et
1608 1634 1891 1686 discretive
1909 1633 1938 1685 ,⁹
2021 1634 2125 1685 Re-

281 1717 527 1787 spondeO,
559 1734 625 1768 ex
652 1714 907 1768 communi
934 1733 1031 1767 usu
1059 1714 1318 1784 loquendi,
1343 1721 1397 1768 et
1427 1713 1667 1786 analogia
1695 1714 1913 1768 aliarum
1943 1733 2125 1768 vocum

282 1798 514 1869 ejusdem
558 1797 775 1851 rationis
823 1804 878 1850 et
924 1796 1309 1869 significationis
1356 1797 1562 1850 abunde
1605 1796 1729 1850 satis
1776 1797 1831 1850 id
1870 1805 2123 1852 constare.

281 1880 350 1933 In
392 1880 576 1952 quibus
616 1880 927 1934 certissimus
954 1879 1334 1951 interpretandi
1371 1881 1548 1933 Canon
1574 1886 1685 1943 est;
1740 1882 1899 1933 Voces
1942 1882 2125 1934 collec-

283 1966 427 2018 tivas
485 1965 751 2018 collective
804 1982 1007 2033 semper
1058 1965 1202 2015 sumi
1258 1965 1457 2024 debere,
1523 1965 1636 2016 uisi
1691 1963 1960 2031 adjectum
2015 1964 2126 2031 ejus

280 2048 584 2117 oppositum
623 2049 895 2099 diversum
929 2046 1181 2114 postulet.
1267 2044 1508 2114 Exempli
1552 2044 1740 2116 gratia,
1788 2045 1877 2097 ubi
1920 2045 2123 2107 dicitur,

283 2131 397 2182 Col.
428 2129 462 2182 i.
497 2131 584 2191 18,
642 2128 908 2182 Christum
951 2145 1062 2180 esse
1105 2138 1271 2197 caput
1314 2129 1556 2197 corporis
1600 2129 1900 2181 Ecclesice:
1962 2127 2125 2181 mani-

278 2210 469 2264 festum
498 2218 577 2264 est
605 2229 671 2264 ex
701 2210 934 2281 opposito
964 2209 1181 2280 adjectO,
1232 2211 1447 2280 Capitis
1487 2209 1678 2263 scilicet
1712 2210 1986 2273 mentione,
2020 2210 2124 2279 (cui

287 2294 494 2364 Corpus
528 2293 600 2346 ibi
644 2295 871 2347 relative
909 2292 1185 2363 opponitur
1196 2294 1233 2361 ς)
1277 2294 1531 2363 Corporis
1570 2293 1876 2346 vocabulum
1918 2296 2120 2347 discre-

279 2377 387 2430 tive
414 2376 560 2439 sumi,
591 2394 688 2447 pro
716 2374 926 2446 reliquis
955 2375 1200 2428 membris
1239 2375 1470 2445 corporis
1506 2375 1719 2446 praecise
1754 2383 1809 2429 et
1849 2376 2062 2429 seorsim
2090 2394 2124 2429 a

275 2458 462 2529 capite.
544 2459 629 2513 Sic
668 2458 841 2521 etiam,
884 2457 1041 2528 siquis
1071 2457 1267 2511 diceret
1309 2459 1683 2528 Imperatorem
1729 2460 2053 2513 Exercitum
2092 2476 2122 2511 e

278 2541 462 2594 castris
496 2540 749 2604 eduxisse,
794 2547 887 2593 aut
923 2541 978 2592 in
1018 2541 1260 2611 hyberna
1299 2540 1589 2604 demisisse3
1634 2540 1719 2593 vel
1747 2540 2124 2612 patrem-fami-

277 2622 373 2676 lias
400 2623 743 2687 interdixisse,
787 2621 969 2693 nequis
997 2625 1406 2678 domesticorum
1432 2622 1744 2694 intempesta
1771 2630 1923 2676 nocte
1951 2622 2123 2676 exiret

277 2818 476 2875 Family.
540 2817 603 2862 So
628 2814 791 2875 Army,
816 2817 1062 2875 Kinydom,
1086 2817 1390 2870 Parliamertt,
1416 2816 1510 2860 and
1536 2815 1673 2861 other
1697 2814 1938 2859 collective
1958 2813 2123 2866 words,

277 2889 544 2935 sometimes
579 2889 766 2933 include
802 2890 852 2932 in
888 2889 982 2934 this
1018 2890 1252 2947 meaning,
1287 2888 1370 2932 the
1407 2888 1544 2933 Head
1581 2887 1635 2931 of
1666 2886 1811 2939 each3
1859 2887 2125 2930 sometimes

276 2961 391 3019 they
412 2961 473 3005 do
497 2965 594 3005 not.
658 2960 766 3004 And
790 2966 841 3005 to
866 2962 990 3013 take,
1013 2961 1063 3004 111
1083 2960 1165 3004 the
1190 2961 1333 3004 latter
1353 2973 1500 3012 sense,
1526 2958 1580 3003 of
1600 2958 1683 3002 the
1698 2958 1874 3014 People,
1893 2956 1976 3000 the
2004 2956 2125 3000 Sub-

270 3034 392 3090 jects
429 3046 480 3077 as
511 3032 719 3091 opposed
743 3036 793 3076 to
825 3032 907 3075 the
937 3033 1078 3088 King,
1113 3030 1239 3074 what
1270 3030 1417 3087 ought
1452 3035 1502 3074 to
1533 3030 1594 3073 be
1630 3027 1918 3072 understood
1955 3028 2004 3070 in
2040 3027 2124 3071 the

275 3095 454 3147 former
489 3116 637 3153 sense,
675 3102 731 3146 of
762 3102 845 3145 the
876 3103 1069 3159 People,
1109 3102 1191 3145 the
1226 3101 1376 3144 whole
1413 3100 1728 3157 Gommunsty,
1765 3098 2006 3155 including
2042 3098 2125 3142 the

279 3174 537 3224 Governor,
561 3174 613 3225 is,
637 3172 680 3215 if
698 3177 782 3216 not
806 3186 835 3215 a
859 3173 1118 3230 malignant
1143 3172 1318 3224 device,
1342 3185 1371 3215 a
1395 3176 1518 3215 most
1543 3171 1805 3228 dangerous
1831 3183 2008 3213 errour.

279 3302 280 3305 Ἴ
369 3249 439 3288 11.
504 3244 599 3286 But
629 3242 734 3286 how
757 3242 818 3287 do
849 3256 918 3287 we
946 3244 1084 3287 know
1114 3242 1219 3286 that
1249 3242 1331 3287 the
1356 3243 1484 3287 word
1510 3242 1657 3300 ought
1681 3241 1794 3285 11616
1819 3245 1869 3285 to
1893 3241 1955 3285 be
1980 3240 2124 3285 taken

276 3315 328 3359 in
351 3315 434 3360 the
457 3314 635 3359 former
659 3314 825 3358 sense?

363 3387 451 3431 We
494 3386 643 3444 reply,
680 3385 805 3429 from
844 3384 927 3429 the
964 3397 1181 3428 common
1218 3399 1302 3429 use
1342 3385 1398 3429 of
1442 3385 1687 3443 language.
1764 3384 1810 3427 It
1850 3384 1889 3428 is
1934 3397 1964 3426 a
2002 3383 2123 3428 solid

277 3458 484 3503 General
507 3458 630 3501 Rule
656 3457 710 3501 of
730 3456 1104 3514 interpretation,
1134 3455 1162 3476 “
1178 3455 1301 3500 That
1327 3456 1570 3500 collective
1591 3455 1740 3499 words
1765 3468 1847 3499 are
1877 3454 2046 3513 always
2072 3460 2123 3499 to

276 3529 337 3574 be
361 3530 505 3574 taken
530 3529 831 3586 collectively,
851 3531 1016 3584 except
1040 3527 1175 3571 there
1199 3528 1237 3570 is
1257 3541 1385 3571 some
1406 3527 1617 3571 addition
1638 3525 1788 3570 which
1807 3526 1991 3583 implies
2012 3539 2124 3569 con-

276 3600 516 3658 trariety.”
577 3600 705 3644 Thus
732 3600 830 3643 001.
856 3599 886 3642 i.
914 3602 983 3650 18,
1009 3597 1163 3642 where
1187 3599 1226 3641 it
1250 3599 1288 3642 is
1314 3599 1415 3642 said
1445 3598 1550 3642 that
1589 3596 1785 3640 “Christ
1808 3597 1847 3640 is
1881 3597 1964 3640 the
1997 3596 2123 3641 head

277 3671 332 3715 of
352 3671 433 3715 the
452 3671 592 3729 body,
611 3670 693 3715 the
721 3668 946 3721 Church‚''
970 3669 1052 3713 the
1076 3669 1227 3714 words
1253 3669 1420 3721 added,
1444 3669 1538 3713 “of
1563 3668 1645 3713 the
1669 3668 1836 3726 body‚”
1862 3668 1987 3712 shew
2013 3668 2119 3712 that

274 3733 414 3786 Head
436 3743 473 3786 is
498 3741 610 3786 here
632 3742 839 3800 opposed
863 3747 913 3785 to
933 3741 1079 3798 Body.
1146 3742 1210 3785 So
1235 3740 1278 3783 if
1292 3755 1360 3785 we
1385 3754 1480 3799 say,
1505 3740 1531 3762 ‘⁶
1546 3740 1647 3784 The
1665 3739 1869 3785 General
1889 3739 1968 3784 led
1989 3739 2123 3804 forth
