2482 4166
463 277 534 328 48
1000 288 1085 333 DE
1126 288 1300 335 BONA
1338 289 1756 337 INTENTIONE.

464 418 837 484 contravenire,
868 418 1001 474 irato
1027 423 1141 475 Deo
1156 422 1325 493 justas
1354 423 1610 477 dederunt
1635 422 1941 478 temeritatis
1968 442 2074 478 suae
2099 442 2289 496 poenas,

464 501 634 554 Sauli
684 502 1026 556 Hebraeorum
1069 505 1221 576 Regi,
1277 504 1365 574 qui
1417 507 1857 559 Amalelcitarum
1907 507 2097 577 pecori,
2153 507 2291 577 quod

465 580 611 636 Deus
655 584 951 638 universum
1002 586 1164 638 deleri
1217 586 1569 650 mandaverat,
1628 588 1875 659 pepercit,
1928 607 1988 640 eo
2032 592 2143 657 fine
2194 588 2291 657 (uti

461 664 644 719 saltem
681 685 792 737 prae
835 685 890 720 se
930 667 1071 738 tulit)
1111 675 1168 722 ut
1202 668 1322 721 inde
1371 671 1610 739 opimam
1638 671 1753 728 Deo
1790 672 2070 723 victimam
2112 670 2290 722 immo-

461 747 610 811 laret,
654 748 834 802 missus
870 768 903 802 a
941 751 1055 803 Deo
1100 753 1323 804 Samuel
1358 752 1627 822 propheta,
1673 758 1727 805 et
1754 752 1951 823 peccati
1978 752 2289 824 gravitatem

462 830 527 883 ob
571 830 741 884 oculos
775 831 958 902 posuit,
1004 840 1058 886 et
1095 832 1148 885 in
1196 840 1356 886 tantae
1398 833 1756 887 inobedientiae
1801 852 2018 905 poenam,
2062 834 2289 887 futuram

461 912 634 985 Regni
678 913 1000 967 amissionem
1048 915 1096 968 ei
1140 915 1399 986 praedixit.
1489 916 1544 969 Si
1594 916 1674 968 cui
1722 917 1821 969 hoc
1865 916 2154 987 exemplum
2203 916 2289 968 fir-

460 995 664 1047 mandae
714 996 793 1048 rei
846 997 1121 1068 propositae
1178 1017 1360 1069 parum
1416 998 1656 1051 idoneum
1712 1017 1772 1051 eo
1830 998 2105 1061 videbitur,
2152 999 2289 1068 quod

460 1094 561 1128 non
614 1084 814 1131 constet
853 1079 1058 1132 Saulem
1107 1082 1244 1133 bona
1288 1083 1578 1134 intentione
1615 1081 1670 1133 id
1707 1080 1885 1133 fecisse
1924 1082 2062 1151 quod
2090 1081 2285 1143 fecerit,

459 1176 554 1210 nec
600 1176 716 1211 eum
750 1161 930 1227 finem,
978 1178 1131 1230 quem
1172 1169 1352 1232 postea
1390 1169 1566 1215 tamen
1609 1163 1857 1224 obtendit,
1903 1163 1999 1216 sibi
2030 1163 2083 1215 in
2117 1163 2286 1216 animo

459 1240 618 1292 fixum
664 1247 716 1294 et
768 1241 1087 1312 propositum
1145 1250 1254 1297 tum
1310 1244 1549 1297 habuisse
1603 1263 1718 1297 cum
1773 1244 1828 1297 id
1880 1244 2105 1308 faceret3
2165 1245 2288 1314 quin

459 1322 629 1392 potius
659 1342 782 1376 vero
816 1324 1027 1377 similius
1056 1324 1122 1378 sit
1152 1344 1269 1378 eum
1297 1344 1400 1378 non
1426 1326 1566 1379 aliud
1590 1326 1774 1389 adhuc,
1806 1344 1959 1396 quam
1999 1329 2288 1396 temporale

460 1408 789 1459 commodum
839 1425 986 1460 suum
1042 1415 1331 1478 spectasse3
1376 1415 1647 1479 postquam
1701 1415 1875 1462 autem
1928 1408 1976 1462 ei
2032 1409 2287 1479 objectum

459 1494 594 1541 esset
636 1507 668 1541 a
706 1490 960 1560 propheta
1002 1497 1055 1543 et
1097 1490 1294 1542 crimini
1340 1492 1518 1544 datum
1567 1491 1704 1560 quod
1750 1490 1851 1543 Dei
1893 1492 2136 1544 mandato
2184 1509 2286 1544 non

459 1570 821 1634 obaudivisset,
864 1578 973 1624 tum
1004 1572 1208 1625 demum
1239 1574 1397 1642 (quod
1425 1573 1710 1644 hypocritis
1751 1573 1958 1625 solenne
2000 1571 2098 1645 est)
2135 1574 2285 1626 istam

459 1652 776 1724 excogitasse
820 1653 1179 1707 inobedientiae
1225 1673 1330 1707 suae
1380 1658 1768 1708 excusationem
1819 1662 1872 1708 et
1917 1655 2063 1725 quasi
2105 1652 2286 1732 σοφὸν

460 1732 790 1810 φάρμακονε
828 1754 894 1789 ne
938 1736 1061 1806 quid
1090 1736 1234 1789 nobis
1274 1737 1519 1791 molestiae
1551 1744 1692 1789 creet
1729 1738 1840 1790 haec
1878 1738 2282 1808 exceptiuncula,

459 1817 835 1870 observandum
889 1826 983 1882 est,
1026 1819 1115 1871 ubi
1160 1819 1357 1871 accedit
1406 1821 1773 1872 inobedientice
1818 1821 2132 1888 hypocrisis,
2181 1839 2284 1873 non

457 1904 563 1951 tam
594 1902 786 1968 auyeri
812 1899 1002 1953 crimen
1040 1918 1193 1969 quam
1232 1903 1526 1970 duplicari.
1614 1901 1793 1954 Fuisse
1824 1902 2028 1971 quidem
2060 1905 2284 1956 Saulem

457 1980 672 2051 duplicis
702 1981 865 2051 culpae
894 2000 1040 2035 reum
1076 1982 1245 2035 nullus
1283 1983 1492 2046 dubit03
1533 1986 1911 2037 Inobeclientioe
1951 1992 2004 2037 et
2041 1987 2283 2038 Simula-

458 2065 620 2116 tionis
640 2082 658 2113 :
703 2070 762 2116 ut
806 2064 1012 2118 interim
1056 2071 1253 2118 taceam
1291 2065 1499 2118 tertiam
1544 2065 1683 2118 illam
1729 2066 1995 2136 utriusque
2037 2067 2279 2131 radicem,

455 2148 805 2198 Mundanum
849 2150 1114 2217 affectum.
1202 2147 1457 2200 Distincta
1502 2147 1680 2217 utique
1727 2154 1847 2201 sunt
1893 2149 1994 2200 duo
2032 2148 2129 2201 ista
2168 2168 2283 2219 pec-

456 2235 571 2280 cata
587 2248 605 2289 ‚·
651 2235 704 2282 et
746 2247 840 2282 nec
878 2241 1098 2293 natura,
1130 2248 1223 2282 nec
1254 2241 1481 2300 tempore
1509 2230 1795 2300 conjuncta.
1883 2231 2002 2283 Non
2039 2242 2244 2284 natura
2262 2250 2282 2294 ;

452 2310 575 2378 quia
603 2317 773 2381 potest
815 2330 926 2365 esse
966 2312 1275 2366 alterutrum
1315 2312 1423 2365 sine
1464 2312 1661 2366 altero:
1705 2331 1808 2365 non
1847 2324 2073 2382 tempore
2092 2336 2110 2374 ,·
2151 2331 2283 2383 prae-

454 2392 605 2446 cessit
655 2393 790 2446 enim
837 2394 1133 2464 aliquandiu
1180 2397 1557 2456 inobedientia,
1609 2395 1819 2448 accessit
1864 2403 2046 2465 postea
2083 2395 2283 2466 objecta

452 2494 592 2527 nova
621 2476 882 2529 occasione
910 2479 1204 2533 simulatio,
1292 2478 1356 2530 Id
1386 2478 1521 2547 quod
1556 2495 1621 2529 ex
1659 2476 1781 2547 ipsis
1810 2480 2084 2532 Samuelis
2112 2478 2282 2530 verbis

452 2574 556 2608 non
603 2558 816 2611 obscure
870 2559 1038 2632 colligi
1087 2566 1288 2629 potest:
1340 2560 1427 2628 qui
1483 2558 1799 2612 dissimulata
1854 2578 2064 2630 prorsus
2119 2560 2281 2631 Regis

453 2640 810 2702 simulatione,
855 2660 1008 2693 unam
1052 2641 1160 2711 ejus
1203 2644 1618 2695 inobedientiam
1660 2659 1838 2694 severe
1895 2642 2170 2694 admodum
2227 2650 2280 2694 et

452 2720 643 2772 acriter
684 2722 1034 2790 reprehendit.
1138 2725 1360 2776 ⁸Potior
1402 2734 1492 2786 est,
1537 2722 1717 2792 inquit,
1766 2714 2067 2777 obedientia
2108 2726 2279 2776 sacri-

441 2803 587 2869 ficio.
656 2802 817 2866 Quasi
846 2803 1054 2866 diceret,
1098 2804 1236 2867 Quid
1271 2805 1396 2857 mihi
1437 2807 1714 2874 sacrificia
1750 2806 1980 2858 narras?
2023 2824 2152 2876 quae,
2189 2824 2279 2859 seu

1190 2992 1205 3011 ⁸
1230 2987 1251 3023 1
1270 2986 1374 3024 Sam.
1392 2999 1455 3025 κν.
1472 2989 1533 3025 22.

450 3088 512 3134 he
527 3101 618 3132 was
639 3086 836 3131 accused
854 3085 917 3145 by
935 3086 1135 3130 Samuel.
1178 3085 1284 3130 And
1301 3100 1362 3130 no
1388 3087 1535 3131 doubt
1563 3088 1675 3131 Saul
1690 3100 1782 3131 was
1801 3087 1951 3146 guilty
1965 3087 2082 3131 both
2103 3088 2158 3132 of
2171 3089 2276 3134 Dis-

452 3160 705 3205 obedience
728 3159 820 3202 and
842 3158 896 3201 of
917 3158 1221 3202 Simulation:
1254 3162 1338 3202 not
1358 3163 1407 3202 to
1432 3159 1573 3217 speak
1609 3159 1664 3202 of
1690 3173 1717 3201 a
1750 3158 1876 3202 third
1897 3159 2052 3211 crime,
2072 3159 2153 3203 the
2172 3166 2278 3204 root

451 3233 506 3275 of
520 3231 601 3275 the
623 3230 793 3284 others,
812 3229 1051 3273 Mundane
1076 3229 1320 3273 Affection.
1384 3231 1478 3273 But
1499 3230 1631 3273 those
1652 3235 1743 3273 two
1765 3230 1964 3273 offences
1989 3244 2068 3274 are
2089 3231 2278 3275 distinct

450 3304 499 3346 in
519 3307 685 3346 nature
706 3302 799 3344 and
814 3302 863 3343 in
883 3301 1010 3344 time.
1045 3301 1235 3344 Samuel
1254 3301 1577 3358 reprehended
1598 3301 1938 3345 Disobedience
1959 3302 2093 3359 only3
2115 3303 2140 3323 “
2156 3303 2276 3346 Obe-

450 3375 613 3418 dience
634 3374 672 3417 is
703 3373 858 3417 better
883 3371 999 3415 than
1022 3372 1285 3423 sacrifice;”
1324 3372 1493 3417 “Even
1519 3373 1561 3417 if
1582 3372 1686 3417 that
1711 3386 1800 3416 was
1828 3386 1945 3431 your
1968 3373 2211 3423 intention,
2238 3374 2276 3416 it

449 3446 560 3489 does
580 3449 664 3488 not
678 3444 844 3500 justify
867 3457 985 3501 your
1005 3443 1379 3488 disobedience.’'

536 3515 648 3559 Also
674 3515 886 3559 consider
905 3514 987 3558 the
1013 3514 1299 3571 exampleof
1314 3513 1483 3566 Uzzah,
1504 3513 1620 3566 who,
1648 3519 1674 3556 2
1693 3514 1816 3557 Sam.
1845 3513 1901 3556 vi.
1935 3515 2021 3569 put
2045 3512 2174 3555 forth
2201 3513 2273 3558 h1s

447 3585 574 3629 hand
600 3591 650 3629 to
676 3590 871 3643 support
891 3585 972 3629 the
991 3585 1088 3628 Ark
1108 3585 1162 3628 of
1177 3585 1307 3637 God3
1338 3586 1563 3641 violating
1581 3584 1662 3627 the
1687 3583 1946 3634 command,
1964 3583 2011 3625 N
2014 3597 2105 3625 um.
2128 3584 2203 3628 vii.
2230 3591 2270 3635 9,

449 3656 542 3697 and
557 3657 613 3698 iv.
642 3662 712 3708 15,
741 3657 845 3699 that
870 3656 951 3699 the
972 3670 1077 3700 sons
1098 3656 1152 3699 of
1167 3655 1359 3699 Kohath
1383 3655 1550 3699 should
1570 3655 1682 3697 bear
1712 3654 1750 3696 it
1780 3666 1842 3696 on
1872 3653 1994 3696 their
2014 3653 2269 3701 shoulderS.

449 3725 575 3768 Here
602 3725 682 3769 the
714 3727 944 3770 intention
970 3741 1061 3769 was
1076 3727 1406 3784 ,undoubtedly
1431 3724 1567 3782 good,
1601 3729 1681 3782 yet
1706 3724 1787 3767 the
1820 3729 1896 3767 act
1922 3738 2010 3768 was
2043 3726 2274 3782 punished

448 3783 559 3839 'with
579 3796 845 3839 immediate
871 3797 1011 3839 death
1037 3797 1098 3854 by
1120 3797 1239 3840 eod.
