2482 4166
819 287 1203 335 PRAELECTIO
1247 290 1471 335 SEXTA.
1960 285 2064 340 197

227 430 376 497 gesta
392 420 650 477 volumina
678 416 911 482 excuti03
956 436 1207 489 nusquam
1236 418 1425 489 reperi,
1457 418 1543 488 qui
1565 417 1759 489 justam
1788 426 1880 473 aut
1901 419 2057 490 justae

225 505 437 558 similem
467 505 804 558 discriminis
831 504 1096 555 rationem
1129 501 1183 553 in
1222 500 1446 553 medium
1482 501 1711 563 afferret,
1754 520 1844 554 cur
1887 503 2057 556 deter-

224 586 452 639 minandi
490 592 543 638 et
586 584 845 638 statuendi
889 584 1025 636 circa
1069 603 1154 637 res
1198 585 1538 653 adiaphoras
1571 594 1829 653 potestas,
1866 602 1970 636 non
2003 585 2057 638 in

224 670 631 722 Ecclesiasticis
660 685 806 737 aeque
841 666 1088 728 obtineat,
1123 671 1281 735 atque
1309 665 1363 717 in
1396 668 1661 719 Politicis.
1753 667 1882 729 Quae
1922 666 2057 718 enim

224 770 262 802 a
292 752 586 813 ScandaZO,
619 768 656 802 a
685 751 965 803 Libertate
1002 750 1336 811 Christiana,
1369 754 1423 801 et
1460 748 1574 801 aliis
1613 748 1863 818 ejusmodi
1891 751 2058 803 Locis

224 835 600 896 communibus,
655 831 845 903 opponi
890 831 1057 884 solent
1102 836 1425 902 argumenta,
1478 830 1727 884 adversus
1776 834 2056 902 utriusque

219 918 429 984 {seueris
474 916 617 987 leges
660 922 713 968 et
755 913 1140 967 constitutiones
1179 932 1326 983 aequo
1366 915 1541 966 Marte
1572 912 1826 977 militant3
1872 921 1926 967 et
1967 921 2059 967 aut

222 1004 470 1067 utrasque
494 997 691 1067 pariter
720 1003 978 1058 evertunt,
1019 1004 1110 1049 aut
1146 1003 1373 1049 neutras,
1465 997 1595 1059 Quae
1625 996 1937 1066 peculiarem
1966 996 2058 1049 ali-

222 1097 377 1149 quam
433 1079 535 1133 vim
591 1080 839 1133 adversus
881 1081 1052 1147 Leyes
1101 1090 1150 1131 et
1204 1081 1346 1132 ritus
1395 1080 1812 1133 Ecclesiasticos
1861 1080 2057 1132 habere

223 1161 598 1227 existimantur,
631 1173 863 1232 quatuor
893 1160 1095 1213 omnino
1134 1169 1268 1224 sunt,
1308 1161 1510 1232 singula
1539 1162 1656 1231 (pro
1694 1162 1941 1232 temporis
1969 1180 2058 1215 ra-

221 1244 381 1313 tione)
401 1245 630 1297 breviter
653 1252 705 1297 et
734 1263 824 1296 suo
848 1243 1027 1295 ordine
1054 1243 1394 1296 examinanda
1414 1264 1424 1296 :
1462 1246 1709 1297 Christus
1726 1246 2055 1314 Leyislator‚

222 1329 496 1396 Perfectio
520 1329 835 1397 Scripturoe,
856 1328 1085 1379 Natura
1108 1328 1258 1378 sacri
1287 1327 1477 1390 cultus,
1509 1336 1558 1379 et
1587 1329 1777 1380 veteris
1794 1329 2057 1381 Ecclesiae

221 1411 559 1478 Exemplum.

347 1493 577 1547 XXVII.
668 1491 930 1561 Objiciunt
958 1495 1145 1562 primo
1179 1492 1306 1546 illud
1345 1492 1601 1563 Apostoli,
1647 1495 1836 1546 Jacob.
1866 1493 1931 1546 iv.
1964 1495 2052 1556 12,

233 1577 384 1629 Unus
423 1586 499 1629 est
527 1576 853 1644 Leyislator,
900 1577 997 1645 qui
1032 1586 1212 1645 potest
1253 1594 1469 1628 serva-re
1519 1585 1569 1628 et
1608 1577 1851 1644 perdere.
1940 1576 2056 1628 Hoc

220 1664 527 1710 novatorum
555 1663 933 1728 argumentum,
972 1663 1031 1709 ut
1069 1657 1227 1710 totius
1257 1675 1424 1710 causae
1461 1676 1567 1710 suae
1602 1657 1766 1720 basin,
1803 1665 2058 1730 regnante

219 1741 564 1803 Elisabetha,
595 1738 802 1810 plurimi
831 1739 1000 1792 fecere
1028 1739 1116 1809 qui
1144 1746 1267 1793 tunc
1296 1746 1446 1793 erant
1474 1741 1898 1811 Disciplinarice
1925 1744 2058 1809 fac-

222 1824 384 1875 tionis
425 1821 739 1893 Coryphaei3
789 1824 1067 1875 Christum
1112 1822 1354 1874 nimirum
1386 1821 1592 1875 unicum
1638 1841 1749 1875 esse
1796 1825 2059 1877 Ecclesiae

220 1922 341 1967 suae,
372 1911 431 1957 ut
451 1907 773 1975 principem,
798 1904 873 1957 ita
902 1912 955 1958 et
972 1907 1366 1974 Leyislatorem
1383 1925 1403 1966 ;
1447 1923 1574 1974 quas
1600 1905 1684 1956 ille
1708 1905 1851 1957 dedit
1870 1907 2056 1975 Leyes‚

219 1987 500 2040 Ecclesiam
529 1987 694 2040 teneri
728 1987 783 2039 in
812 1995 1119 2058 perpetuum
1157 1990 1438 2041 observare
1455 2007 1476 2048 ,⁰
1519 1986 1647 2039 alias
1677 2005 1801 2039 vero
1832 2006 1936 2039 non
1966 1988 2057 2040 ad-

220 2069 427 2123 mittere
458 2070 663 2133 debere,
699 2088 794 2122 nec
833 2070 990 2121 alium
1019 2072 1413 2138 Leqislatorem
1450 2087 1747 2140 agnoscere.
1831 2069 2055 2133 Quicun-
2112 2115 2117 2119 .

221 2170 321 2221 que
366 2154 536 2221 Leqes
571 2154 834 2205 Ecclesice
879 2152 1034 2213 ferre,
1079 2159 1272 2221 praeter
1319 2169 1408 2204 eas
1450 2169 1566 2221 quae
1614 2158 1734 2204 sunt
1776 2169 1811 2204 a
1850 2152 2056 2206 Christo

220 2235 356 2296 latae,
399 2233 804 2304 praesumpserit,
837 2235 1169 2287 Antichristi
1202 2240 1380 2303 partes
1423 2251 1598 2305 agere,
1640 2239 1694 2286 e't
1740 2252 1796 2286 se
1835 2235 2058 2305 prodere

221 2319 362 2386 reyii
397 2319 604 2371 Christi
631 2318 869 2369 muneris
896 2315 1227 2369 temerarium
1252 2315 1557 2369 invasorem.
1627 2315 1785 2369 Hunc
1807 2319 2057 2387 Apostoli

221 2399 388 2451 locum
427 2398 698 2469 aliquoties
731 2401 902 2463 qante,
942 2405 1001 2451 ut
1037 2417 1122 2450 res
1156 2398 1468 2469 postulabat,
1510 2399 1879 2452 tractavimus:
1924 2419 2058 2470 prae-

222 2481 398 2534 sertim
428 2480 517 2533 ubi
546 2481 870 2551 probandum
911 2480 1008 2533 fuit
1033 2483 1212 2534 Deum
1248 2481 1411 2533 solum
1456 2487 1510 2533 et
1556 2480 1665 2551 ejus
1702 2484 1975 2536 Christum
2003 2482 2056 2535 in

222 2565 574 2617 conscientias
607 2563 869 2615 hominum
899 2580 1097 2615 merum
1137 2570 1190 2615 et
1227 2565 1490 2616 directum
1528 2566 1816 2633 imperium
1844 2565 2054 2617 habere.

225 2646 329 2698 Sed
366 2645 600 2698 obtinere
636 2646 733 2698 hoc
775 2645 828 2698 in
872 2647 1073 2714 leyibus
1106 2647 1357 2714 politicis
1396 2644 1555 2697 nihilo
1600 2645 1768 2699 minus
1808 2664 1964 2716 quam
2003 2646 2057 2699 in

221 2729 645 2790 Ecclesiasticis‚
676 2746 838 2780 caecus
874 2727 942 2780 sit
974 2734 1180 2797 oportet
1222 2727 1310 2797 qui
1350 2745 1453 2780 non
1496 2727 1686 2781 videat.
1779 2729 1886 2782 Cur
1921 2728 2057 2781 enim

222 2809 469 2881 obligatio
514 2811 686 2879 Zeyum
725 2812 1090 2863 humanarum
1122 2809 1176 2861 in
1214 2810 1369 2862 rebus
1406 2812 1675 2873 civilibus,
1724 2830 1837 2864 cum
1868 2814 2059 2881 Leyis-

224 2894 403 2945 lativa
442 2891 592 2946 unius
641 2892 833 2945 Christi
863 2902 1127 2962 potestate
1173 2892 1452 2946 consistere
1498 2894 1677 2965 possit,
1730 2912 1833 2946 non
1862 2893 2057 2965 poterit

556 3091 574 3117 «ι
603 3083 719 3131 [Vid.
737 3094 858 3131 supra
873 3083 994 3121 Prael.
1012 3094 1072 3120 1v.
1095 3084 1199 3120 Sect.
1218 3085 1262 3130 83
1288 3084 1406 3121 Prael.
1427 3094 1467 3120 v.
1487 3083 1591 3121 Sect.
1610 3082 1695 3130 36.]

316 3201 387 3244 27.
451 3192 520 3259 (1)
562 3201 708 3245 Christ
743 3203 810 3245 the
843 3203 1093 3259 Lawyiver‚
1137 3204 1168 3246 J
1170 3217 1295 3248 ames
1320 3204 1379 3247 iv.
1407 3209 1476 3246 12.
1539 3203 1651 3247 This
1691 3206 1938 3259 argument
1967 3217 2059 3249 was

224 3270 364 3313 much
396 3270 541 3327 urged
572 3271 636 3327 by
670 3271 751 3314 the
776 3273 995 3316 Puritans
1020 3274 1068 3315 in
1096 3274 1259 3324 Queen
1283 3274 1563 3317 Elizabeth's
1589 3275 1716 3317 time.
1775 3273 1850 3316 All
1876 3273 2059 3318 besides

224 3340 382 3384 Christ
401 3340 503 3384 who
525 3341 662 3385 made
684 3341 792 3385 laws
813 3342 889 3385 for
908 3343 989 3386 the
1012 3344 1198 3387 Church
1219 3358 1340 3388 were
1360 3344 1472 3388 held
1492 3358 1541 3387 as
1561 3343 1832 3387 Antichrist.

326 3413 421 3455 But
445 3411 537 3455 this
558 3416 802 3469 argument
822 3413 860 3456 is
881 3414 1065 3471 equally
1088 3415 1208 3457 valid
1229 3415 1409 3472 against
1434 3415 1643 3472 political
1667 3415 1761 3457 and
1784 3415 1965 3471 against
1987 3429 2061 3459 ec-

224 3483 497 3527 clesiastical
526 3483 648 3526 laws.
711 3483 761 3525 If
786 3483 940 3527 Christ
960 3484 1019 3528 be
1040 3484 1120 3528 the
1147 3486 1387 3542 Lawgiver
1408 3486 1462 3528 of
1477 3485 1557 3529 the
1576 3485 1775 3538 Church,
1798 3499 1849 3529 so
1870 3486 1907 3529 is
1928 3486 1988 3530 he
2009 3487 2063 3530 of

222 3554 304 3597 the
328 3554 473 3597 State.
533 3554 633 3597 The
654 3553 847 3611 Apostle
869 3555 906 3598 is
927 3559 1011 3598 not
1035 3555 1168 3599 there
1189 3556 1413 3613 speaking
1433 3556 1487 3600 of
1508 3556 1590 3599 the
1613 3556 1813 3608 Church,
1834 3570 1922 3599 nor
1943 3571 2060 3601 even

224 3625 278 3668 of
293 3625 501 3682 political
520 3625 681 3682 rights,
695 3625 782 3669 but
796 3626 849 3668 of
865 3625 945 3669 the
968 3640 1181 3670 censures
1199 3627 1253 3670 of
1266 3627 1446 3684 private
1467 3640 1672 3684 persons.
1722 3628 1964 3671 He-warns
1988 3628 2061 3672 his

222 3696 409 3739 hearers
429 3696 532 3739 that
553 3696 685 3739 there
707 3697 745 3740 is
767 3697 877 3754 only
897 3710 985 3741 one
1009 3697 1249 3755 Lawgiver
1268 3698 1370 3741 who
1393 3712 1480 3742 can
1494 3698 1639 3757 judge
1660 3698 1740 3742 the
1763 3699 2061 3743 Conscience.

224 3766 335 3810 This
356 3766 438 3810 has
460 3766 657 3824 nothing
677 3771 726 3811 to
753 3767 812 3811 do
834 3767 945 3812 with
965 3768 1112 3821 Laws,
1134 3769 1285 3813 either
1309 3769 1518 3827 political
1540 3783 1593 3814 or
1614 3770 1959 3814 ecclesiastical.
2050 3799 2054 3802 -
