2482 4166
350 314 417 365 86
879 317 964 359 DE
1005 316 1259 359 PIORUM
1299 318 1641 362 EXEMPLIS.

342 455 502 524 pium
532 462 580 505 et
602 453 932 520 pru-dentem,
963 444 1291 516 respondent,
1323 445 1407 499 vel
1435 445 1809 517 responderent
1837 444 2018 500 saltem
2044 445 2085 500 si
2115 464 2177 502 ex

353 535 520 588 animo
554 532 694 603 loqui
723 531 928 592 vellent,
964 528 1098 591 Quia
1122 528 1384 580 nobiscum
1421 528 1679 582 sentit.—

641 631 732 674 οΕὐ
760 630 892 686 sapit,
922 635 961 672 et
990 641 1160 671 mecum
1173 627 1314 684 facit,
1340 634 1378 671 et
1408 628 1514 671 Jove
1531 629 1709 686 judicat
1735 643 1873 685 oeque.

351 713 640 767 Metiuntur
692 710 931 763 nimirum
985 708 1217 779 plerique
1272 708 1564 761 mortalium
1610 710 1872 778 pietatem
1928 711 2180 772 alienam,

352 814 456 848 non
486 813 549 847 ex
579 793 727 864 praxi
760 792 1037 845 officiorum
1066 793 1192 844 vitoe
1228 792 1569 852 Christianae,
1614 797 1666 843 et
1705 808 1770 842 ex
1805 790 2045 861 operibus
2074 791 2183 861 jus-

354 877 498 940 titiae,
548 874 924 936 misericordiae,
971 872 1217 935 caritatiS,
1271 879 1324 925 et
1369 871 1685 935 devotionis3
1744 873 1837 925 sed
1893 890 1958 924 ex
2004 875 2184 925 studio

356 978 533 1013 earum
553 961 807 1029 partium
840 956 1023 1027 quibus
1067 974 1122 1009 se
1156 954 1485 1018 addixerunt,
1523 962 1576 1008 et
1620 972 1797 1007 earum
1842 956 1964 1007 odio
2001 953 2185 1024 quibus

356 1062 411 1096 se
463 1041 690 1094 inimicos
740 1034 1337 1111 profitentur:-—-1ca7·oi
1394 1033 1489 1096 τοὶς
1555 1034 1835 1101 ἐπιθυμίας
1902 1033 1999 1095 τοὶς
2057 1030 2185 1092 ἰδίας

357 1122 567 1181 ἑαυτοῖς
597 1120 1020 1195 ἑπισωρεῦουτες
1052 1115 1417 1184 διδασκάλους,
1449 1120 1614 1190 inquit
1643 1119 1943 1191 Apostolus,
1977 1121 2010 1171 2
2040 1121 2184 1173 Tim.

353 1208 423 1261 iv,
469 1211 520 1271 3,
583 1216 954 1261 coacervantes
1019 1205 1368 1274 sibimetipsis
1425 1205 1664 1256 doctores
1716 1204 2005 1256 secundum
2055 1220 2186 1270 pro-

348 1293 512 1361 prias
569 1291 1026 1359 concupiscentias
1051 1307 1068 1340 .·
1126 1282 1435 1353 κνηθόμενοι
1488 1283 1594 1351 τήν
1643 1282 1826 1351 ἀκοήν,
1887 1290 1945 1337 ut
1995 1283 2186 1336 ibidem

357 1373 588 1443 sequitur
618 1372 881 1442 aptissima
909 1371 1229 1441 metaphora.
1308 1370 1438 1422 Cum
1466 1367 1528 1420 iis
1559 1387 1720 1421 aures
1737 1368 2019 1437 pruriunt,
2050 1384 2187 1436 quae-

356 1462 479 1507 runt
524 1455 713 1507 scilicet
763 1453 848 1523 qui
900 1471 986 1506 eas
1042 1454 1304 1506 scabant:
1363 1458 1519 1521 atque
1569 1450 1643 1503 ita
1699 1449 1883 1502 accidit
1939 1448 2012 1502 eis
2051 1448 2190 1519 quod.

360 1537 525 1589 veteri
567 1536 842 1605 proverbio
884 1535 981 1587 dici
1018 1534 1163 1596 solet,
1204 1535 1356 1586 Muli
1392 1553 1445 1586 se
1485 1543 1667 1585 mutuo
1711 1534 1950 1586 scabunt.

486 1619 715 1671 XXVII.
802 1619 1006 1677 Tertia
1049 1616 1240 1667 diserte
1279 1632 1372 1667 nos
1413 1614 1654 1685 prohibet
1702 1633 1848 1667 sacra
1900 1612 2187 1682 Scriptura,

360 1707 450 1754 aut
490 1702 718 1753 alterius
761 1698 1028 1768 cujuslibet
1062 1699 1276 1765 judicio
1316 1695 1645 1748 conscientias
1682 1703 1887 1748 nostras
1922 1694 2187 1764 subjicere,

359 1790 449 1836 aut
477 1783 531 1834 in
571 1784 797 1835 alterius
841 1781 1219 1833 conscientiam
1262 1778 1538 1830 dominium
1579 1796 1836 1831 exercere.
1921 1779 2008 1830 Ne
2049 1796 2191 1830 voce-

359 1867 498 1918 mini
542 1865 739 1925 Rabbi,
788 1881 927 1915 unus
969 1872 1044 1914 est
1089 1863 1230 1913 enim
1267 1870 1434 1913 vester
1470 1856 1499 1913 ὁ
1536 1857 1870 1931 καθηγητὴς,
1915 1861 2189 1928 mayister,

360 1952 663 2018 praeceptor,
713 1945 911 2005 doctor,
969 1943 1152 1995 ductor
1199 1943 1464 2003 Christis&
1513 1943 1717 1994 Matth.
1766 1941 1908 1996 xxiii.
1947 1943 2047 2003 10;
2104 1943 2192 1994 Ne

360 2030 520 2081 multi
549 2037 706 2081 estote
734 2028 1005 2095 mayistri,
1024 2027 1240 2094 fratres
1268 2026 1386 2086 mei,
1416 2024 1541 2077 Jac.
1565 2023 1633 2076 iii.
1656 2026 1712 2087 13
1758 2026 1977 2077 Pascite
2007 2026 2101 2093 qui
2132 2025 2191 2075 in

360 2113 507 2164 vobis
554 2120 628 2163 est
664 2127 874 2178 yreyem
919 2109 1043 2169 Dei,
1097 2102 1163 2165 αἶς
1204 2101 1387 2167 τύποι,
1431 2113 1490 2159 ut
1537 2105 1701 2158 facem
1741 2106 1788 2158 ei
1837 2106 2189 2176 praeferentes,

362 2211 502 2245 verae
553 2191 673 2244 fidei
721 2189 1004 2243 doctrinam
1056 2194 1109 2240 et
1159 2187 1281 2241 vitae
1326 2188 1425 2258 piae
1476 2188 1782 2258 exemplum,
1834 2188 1926 2240 sed
1980 2205 2083 2239 non
2129 2184 2192 2246 ὥς

362 2271 836 2350 κατακυριεύοντες
884 2274 993 2326 τῶν
1038 2268 1266 2346 κλήρων,
1307 2272 1337 2321 1
1373 2273 1485 2323 Pet.
1517 2289 1567 2323 V.
1613 2272 1663 2331 1,
1709 2289 1813 2322 non
1852 2271 2013 2339 quasi
2052 2287 2195 2322 exer-

363 2368 531 2410 centes
560 2357 893 2408 dominatum
923 2360 975 2406 et
1002 2353 1273 2423 imperium
1308 2370 1507 2404 merum
1536 2355 1596 2404 in
1631 2353 1842 2406 Olenum
1871 2359 1924 2404 et
1952 2351 2195 2421 populum

361 2442 471 2493 Dei
485 2459 505 2500 ,·
549 2441 744 2508 Empti
774 2439 897 2491 estis
917 2438 1097 2505 pretio
1117 2455 1133 2488 .·
1177 2436 1339 2487 nolite
1355 2436 1485 2502 fieri
1512 2437 1653 2487 servi
1682 2437 1969 2497 hominum,
2013 2435 2043 2485 1
2070 2436 2195 2486 Cor.

363 2521 445 2574 vii.
489 2523 593 2573 23:
638 2528 697 2573 ut
739 2517 1070 2571 conscientias
1113 2524 1314 2570 vestras
1366 2516 1663 2586 cujusquam
1711 2516 1930 2568 hominis
1975 2514 2198 2568 auctori-

366 2602 464 2655 tati
493 2621 557 2654 ex
585 2602 743 2670 ipsius
771 2599 985 2653 arbitrio
1016 2605 1068 2651 et
1096 2598 1312 2667 imperio
1341 2598 1597 2668 regendas
1625 2597 1951 2667 permittatis

489 2684 749 2735 XXVIII.
836 2682 972 2733 Hinc
1003 2698 1128 2751 ergo
1169 2679 1295 2731 illud
1323 2678 1574 2748 imprimis
1615 2679 1863 2748 sequitur,
1904 2680 1984 2746 (ut
2020 2698 2084 2731 ex
2118 2678 2195 2741 iis,

370 2783 484 2834 quae
535 2782 567 2816 a
622 2763 769 2816 nobis
814 2764 1062 2815 hactenus
1118 2759 1284 2831 posita
1335 2767 1454 2813 sunt
1511 2767 1563 2812 et
1619 2761 1855 2830 probata,
1904 2761 2214 2813 corollaria

970 2953 987 2972 ⁰
1014 2946 1154 2983 Horat.
1177 2945 1307 2993 Epist,
1325 2945 1382 2981 ΙΙ.
1403 2944 1429 2981 i.
1451 2944 1503 2992 [v.
1520 2942 1600 2992 68.]

368 3074 551 3118 person,
588 3073 616 3103 a
650 3059 783 3116 pious
819 3058 912 3102 and
937 3059 1043 3101 wise
1068 3072 1175 3100 man
1190 3073 1202 3109 3
1233 3057 1325 3100 and
1358 3057 1400 3099 if
1429 3070 1521 3115 you
1546 3056 1628 3100 ask
1651 3055 1778 3099 them
1802 3055 1906 3099 how
1927 3054 2039 3113 they
2063 3054 2199 3098 know

369 3132 493 3175 their
522 3130 712 3174 teacher
746 3135 795 3173 to
834 3130 895 3173 be
928 3144 956 3172 a
985 3129 1119 3186 pious
1154 3128 1248 3171 and
1280 3128 1386 3171 wise
1422 3142 1544 3180 man,
1583 3127 1697 3185 they
1736 3140 1924 3178 answer,
1960 3140 2013 3170 or
2048 3125 2201 3169 would

371 3217 547 3247 answer
577 3202 618 3244 if
655 3201 767 3260 they
804 3215 924 3245 were
957 3200 1097 3244 frank
1130 3198 1329 3256 enough,
1368 3200 1573 3243 Because
1609 3198 1670 3242 he
1708 3199 1745 3241 is
1784 3198 1838 3241 of
1869 3212 1955 3241 our
1992 3198 2196 3254 opinion.

369 3275 481 3318 Men
500 3274 645 3331 judge
666 3273 720 3317 of
754 3272 835 3317 the
866 3273 995 3330 piety
1022 3272 1074 3315 of
1104 3271 1227 3314 their
1258 3270 1552 3327 neighbours,
1577 3274 1660 3313 not
1685 3269 1747 3327 by
1766 3269 1889 3313 their
1911 3269 2116 3326 practice
2153 3267 2207 3311 of

373 3345 603 3389 Christian
628 3345 794 3396 duties,
819 3344 904 3388 but
928 3344 991 3401 by
1011 3342 1134 3386 their
1153 3342 1292 3399 being
1313 3342 1366 3386 of
1383 3341 1505 3386 their
1526 3355 1628 3385 own
1647 3340 1866 3398 religious
1894 3344 2054 3398 party:
2094 3352 2203 3382 men

367 3416 484 3459 have
505 3416 681 3472 itching
707 3429 822 3467 ears,
843 3415 934 3459 and
955 3413 1136 3459 scratch
1162 3427 1250 3457 one
1272 3413 1479 3457 another.

460 3491 531 3532 27.
597 3488 815 3544 172&le
857 3487 1095 3544 Scripture
1115 3484 1293 3528 forbids
1314 3498 1367 3528 us
1400 3483 1516 3528 both
1536 3488 1585 3528 to
1607 3483 1786 3540 subJ'ect
1807 3496 1893 3526 our
1913 3480 2202 3524 consciences

372 3562 421 3600 to
442 3557 522 3600 the
541 3558 789 3614 judgment
815 3558 868 3602 of
888 3572 979 3615 any
1005 3570 1107 3609 one,
1132 3556 1225 3599 and
1249 3561 1298 3600 to
1324 3556 1527 3600 exercise
1560 3554 1799 3598 dominion
1827 3565 1936 3596 over
1957 3565 2048 3607 any
2067 3549 2203 3594 other

373 3628 516 3671 man's
543 3630 821 3672 conscience.
887 3629 976 3672 See
996 3628 1077 3672 the
1098 3641 1312 3685 passages
1339 3627 1514 3685 quoted
1537 3626 1587 3669 in
1606 3624 1688 3668 the
1712 3627 1823 3667 text.

464 3703 534 3741 28.
594 3700 680 3742 We
707 3700 831 3742 draw
857 3714 884 3742 a
903 3700 992 3743 few
1016 3699 1143 3743 brief
1164 3699 1456 3742 Corollaries.

464 3768 614 3820 First3
643 3774 693 3813 to
719 3770 948 3814 condemn
980 3769 1061 3814 the
1085 3770 1219 3828 pride
1254 3769 1347 3813 and
1372 3773 1572 3828 tyranny
1596 3766 1650 3811 of
1681 3764 1763 3810 the
1798 3765 1982 3809 Roman
2011 3755 2200 3814 Ponfflff,
