2482 4166
827 269 1210 314 PRAELEOTIO
1253 271 1476 317 SEXTA.
1722 269 1732 272 ’
1970 270 2070 322 195

236 400 530 453 mutatione
557 397 691 451 circa
714 416 828 452 rem
860 396 1025 468 ipsam
1054 397 1205 461 facta,
1239 416 1356 468 quse
1391 415 1483 452 seu
1508 397 1653 469 jussa
1682 415 1773 452 seu
1801 400 1978 465 vetita,
2008 410 2068 457 ut

224 483 463 552 physice,
494 481 568 535 ita
596 488 650 534 et
678 482 858 543 ethice,
882 480 1063 533 eadem
1082 487 1353 551 permanet
1370 499 1485 551 quae
1510 488 1632 534 ante
1649 481 1763 544 fuit,
1785 482 2070 554 (respectus

234 563 369 616 enim
415 582 520 617 non
557 574 735 617 mutat
769 574 1030 616 naturam
1052 565 1091 632 .·)
1132 562 1223 616 sed
1251 580 1316 616 ex
1345 565 1671 633 obliyatione
1707 564 1798 617 illa
1840 565 2065 627 obvenit,

232 663 387 715 quam
418 647 500 699 lew
524 645 733 699 inducit.
822 645 977 698 Unde
1006 645 1214 709 factum,
1258 652 1317 698 ut
1344 647 1483 716 quod
1511 653 1632 699 ante
1660 645 1773 711 fuit,
1812 647 1943 701 sicut
1969 666 2068 700 mt-

234 739 363 781 tura
391 734 445 782 et
474 748 537 783 ecc
564 747 634 792 se,
665 728 736 782 sic
764 748 867 782 usu
888 728 1044 781 etiam
1071 735 1126 782 et
1155 730 1336 799 quoad
1363 748 1473 792 nos,
1500 731 1726 783 liberum
1754 733 1832 783 ad
1859 741 2068 783 utrum-

234 812 395 874 libet5
439 811 595 884 Legis
640 811 916 865 accedente
959 810 1266 865 auctoritate
1302 812 1491 865 evadat
1526 832 1628 866 usu
1672 820 1726 866 et
1763 816 1945 884 quoad
1972 832 2067 866 nos

230 912 334 946 non
380 894 599 947 liberum
637 894 871 965 amplius„
918 894 1009 947 sed
1051 911 1148 965 pro
1188 893 1318 966 legis
1361 894 1623 967 exigentia
1665 895 1747 949 vel
1791 897 2065 959 illicitum,

229 975 312 1028 vel
353 979 726 1030 necessarium.

351 1058 526 1113 XXV.
598 1058 655 1111 Si
684 1065 964 1129 quaeratur,
989 1077 1104 1112 cum
1125 1059 1362 1113 videatur
1384 1063 1502 1114 Lex
1530 1079 1710 1132 parem
1739 1061 1934 1114 habere
1968 1061 2070 1113 vim

229 1141 284 1193 in
324 1147 598 1211 utramque
635 1149 854 1212 partem,
899 1142 988 1213 qui
1031 1142 1136 1204 fiat,
1175 1149 1234 1196 ut
1272 1142 1433 1213 possit
1475 1146 1594 1197 Lex
1629 1147 1857 1198 vetando
1896 1149 2068 1197 actum

232 1224 404 1276 facere
434 1243 499 1277 ex
528 1225 660 1278 bono
690 1231 744 1278 et
783 1227 931 1278 licito
959 1225 1151 1277 malum
1190 1232 1244 1278 et
1280 1227 1554 1289 illicitum,
1598 1245 1702 1279 non
1743 1227 1868 1280 item
1906 1226 2067 1297 possit

230 1308 348 1360 Lex
391 1306 465 1375 (id
509 1306 644 1360 enim
686 1309 838 1360 ⁰ante
880 1308 1200 1381 negavimus)
1234 1310 1470 1377 jubendo
1515 1316 1686 1362 actum
1730 1309 1952 1362 reddere
2002 1327 2068 1361 ex

232 1390 365 1442 malo
412 1396 466 1443 et
510 1392 706 1444 illicito
753 1391 942 1443 bonum
993 1397 1046 1443 et
1094 1392 1351 1444 licitum?
1434 1392 1758 1461 RespondeO,
1810 1391 2066 1444 rationem

233 1472 537 1526 discriminis
588 1491 698 1525 esse
743 1472 1206 1526 manifestissimam
1249 1492 1314 1525 ex
1355 1473 1618 1526 notissimo
1659 1473 1746 1526 illo
1789 1473 2064 1535 axiomate,

233 1556 480 1608 pBonum
529 1574 593 1609 esc
649 1574 820 1608 causa
875 1557 1106 1624 inteyrct,
1159 1557 1379 1608 Malum
1432 1575 1497 1608 eoe
1551 1558 1783 1626 quotibet
1838 1556 2064 1624 defectu.

232 1637 395 1690 Actus
424 1633 551 1709 e'rgo
582 1637 647 1689 de
676 1654 769 1689 sua
808 1640 980 1707 specie
1022 1644 1074 1690 et
1117 1643 1356 1707 respectu
1392 1639 1580 1706 objecti
1620 1640 1815 1700 malus,
1860 1655 2067 1690 necesse

231 1726 311 1772 est
358 1725 419 1772 ut
456 1737 659 1790 semper
696 1719 764 1772 sit
801 1721 994 1784 malus,
1036 1738 1131 1773 nec
1176 1726 1348 1789 potest
1383 1719 1436 1772 in
1473 1720 1643 1790 aliquo
1682 1720 1761 1773 sui
1805 1720 2065 1784 exercitiO,

231 1801 616 1873 quibuscunque
655 1801 1015 1855 accedentibus
1047 1802 1440 1855 circumstantiis
1469 1803 1581 1855 fieri
1613 1806 1775 1857 bonus
1797 1823 1813 1855 :
1853 1810 2069 1873 propter

233 1884 491 1938 defectum
533 1884 778 1939 bonitatis
824 1904 886 1939 eoe
921 1897 1090 1956 parte
1132 1886 1334 1953 objecti,
1378 1885 1465 1955 qui
1515 1886 1746 1938 defectus
1789 1885 1972 1938 sufficit
1999 1886 2067 1938 ad

233 1974 399 2020 totum
428 1975 600 2021 actum
630 1967 932 2022 vitiandum.
1020 1969 1093 2022 At
1132 1974 1277 2021 actus
1316 1968 1381 2020 de
1419 1988 1522 2021 suet
1557 1971 1728 2039 specie
1769 1970 1946 2030 bonus,
1976 1975 2069 2021 aut

232 2049 416 2103 saltem
444 2069 548 2103 non
577 2050 757 2113 maIUS,
790 2050 833 2103 si
876 2051 960 2103 vel
1000 2069 1106 2103 una
1141 2049 1314 2119 aliqua
1349 2051 1621 2103 accesserit
1650 2053 2069 2104 circumstantia

233 2131 401 2184 minus
429 2140 589 2195 recta,
620 2139 759 2185 totus
799 2132 1037 2185 redditur
1074 2135 1337 2185 vitiosus:
1377 2139 1593 2203 propter
1638 2134 1894 2186 defectum
1933 2133 2067 2186 scili-

235 2221 318 2268 cet
365 2214 553 2267 debitae
610 2216 955 2268 rectitudinis
1007 2214 1060 2266 in
1101 2214 1191 2267 illa
1229 2217 1660 2269 circumstantia.
1749 2216 1906 2269 Unde
1952 2234 2069 2268 con-

234 2296 467 2367 sequitur
493 2296 633 2350 aliud
662 2296 818 2350 etiam
848 2295 1121 2349 discrimen
1148 2296 1285 2349 inter
1313 2297 1482 2369 legem
1520 2299 1799 2351 humanam
1835 2301 2072 2369 affirma-

238 2381 409 2432 tivam
452 2385 506 2432 et
540 2382 866 2449 neyativam,
909 2378 1018 2432 sive
1063 2379 1450 2450 praecipientem
1493 2388 1547 2434 et
1587 2388 1886 2434 vetantem:
1931 2381 2071 2451 quod

238 2463 320 2515 lex
349 2464 682 2533 affirmativa
710 2481 813 2515 non
842 2462 934 2515 dat
962 2462 1099 2515 actui
1128 2480 1279 2532 quem
1308 2462 1545 2533 praecipit
1585 2465 1889 2526 bonitatem,
1935 2463 1977 2516 si
2004 2463 2072 2516 sit

234 2543 363 2597 alias
414 2544 589 2615 aliqua
634 2563 705 2597 ex
755 2551 905 2615 parte
951 2546 1130 2598 malus
1146 2565 1167 2606 ;
1214 2545 1318 2597 Sed
1371 2546 1454 2598 lect·
1503 2549 1760 2615 neyativa
1807 2546 1899 2599 dat
1926 2546 2073 2599 actui

283 2734 302 2754 ⁰
330 2727 468 2777 [supra
485 2728 604 2765 Prael.
621 2739 672 2766 11.
691 2729 795 2766 Sect.
813 2728 869 2777 9.]
1194 2730 1350 2767 ala-tiis:
1384 2733 1425 2767 et
1444 2731 1548 2768 conf.
1570 2730 1712 2767 Thom.
1732 2731 1769 2768 1.
1788 2732 1826 2778 2,
1847 2730 2000 2775 Quaest.
2012 2731 2074 2776 17,

283 2797 304 2824 Ρ
335 2791 449 2840 [Vid.
478 2791 643 2840 Dionys.
673 2792 722 2828 de
757 2791 897 2828 divinis
925 2791 1107 2828 Nomini-
1195 2792 1287 2829 Art.
1306 2793 1344 2839 4,
1362 2793 1413 2828 ad
1430 2794 1466 2837 3,
1495 2795 1536 2829 et
1558 2792 1711 2836 Quaest.
1731 2792 1793 2838 19,
1812 2792 1904 2830 Art.
1917 2792 1941 2830 6
1956 2793 2007 2829 ad
2025 2794 2069 2830 1:

233 2854 321 2900 bus,
353 2865 442 2902 cap.
468 2854 518 2891 iv.
556 2854 609 2891 τὸ
643 2852 803 2902 α”γαθὸν
829 2854 876 2891 ἐκ
904 2856 980 2899 τῆς
1011 2853 1111 2898 ὅλης
1196 2858 1237 2891 et
1263 2855 1381 2892 Prael.
1403 2855 1535 2892 locum
1556 2855 1736 2903 proxime
1759 2854 1996 2902 laudatum]

327 2981 398 3020 25.
458 2976 504 3019 It
524 2989 632 3033 may
655 2975 716 3019 be
734 2974 891 3026 asked,
914 2975 1052 3019 Since
1072 2975 1184 3018 Law
1205 2989 1292 3020 can
1312 2975 1449 3019 make
1470 2989 1531 3019 an
1552 2980 1628 3019 act
1653 2974 1803 3019 which
1828 2988 1919 3018 was
1946 2975 2068 3032 good

234 3046 328 3089 and
358 3046 598 3090 allowable
628 3051 678 3090 to
708 3047 769 3090 be
799 3046 893 3090 bad
914 3046 1007 3089 and
1037 3060 1220 3104 wrong3
1251 3047 1357 3105 why
1391 3051 1563 3090 cannot
1594 3047 1706 3090 Law
1735 3045 1871 3090 make
1897 3059 1958 3090 an
1989 3051 2066 3091 act

235 3116 387 3160 which
405 3131 497 3160 was
517 3116 612 3160 bad
631 3117 724 3159 and
745 3131 904 3174 wrong
923 3122 973 3160 to
993 3117 1053 3160 be
1074 3118 1196 3174 good
1221 3118 1315 3161 and
1335 3118 1607 3161 allowable?

327 3187 415 3229 We
435 3186 583 3243 reply,
602 3186 708 3230 that
726 3187 808 3230 the
827 3200 995 3231 reason
1018 3188 1057 3230 is
1082 3192 1132 3231 to
1152 3188 1212 3231 be
1232 3188 1382 3231 found
1405 3189 1454 3231 in
1469 3189 1551 3232 the
1570 3189 1739 3232 known
1760 3187 1940 3239 Axiom,
1965 3187 2070 3233 that

239 3256 375 3301 Good
396 3270 549 3300 comes
571 3256 626 3299 of
649 3256 731 3300 the
755 3257 919 3301 Entire
942 3258 1089 3301 Oause
1103 3274 1115 3311 3
1145 3258 1252 3311 bad,
1283 3258 1338 3302 of
1357 3273 1448 3316 any
1472 3259 1657 3303 Defect.
1721 3259 1883 3303 Hence
1908 3273 1969 3302 an
1993 3264 2070 3303 act

236 3327 387 3371 which
405 3328 468 3386 by
487 3327 547 3371 its
566 3326 681 3369 kind
701 3327 794 3370 and
814 3328 967 3384 object
987 3329 1025 3371 is
1044 3328 1151 3381 bad,
1167 3334 1291 3373 must
1312 3330 1479 3387 always
1494 3330 1554 3373 be
1570 3329 1678 3381 bad,
1696 3329 1772 3372 for
1791 3343 1852 3373 no
1872 3331 2070 3374 circum-

238 3403 419 3443 stances
445 3412 533 3442 can
558 3398 750 3455 remedy
769 3398 850 3442 the
882 3398 1038 3443 defect
1067 3400 1121 3442 of
1143 3400 1371 3456 goodness
1398 3400 1453 3444 of
1473 3400 1554 3444 the
1576 3400 1752 3457 obJect:
1785 3400 1871 3444 but
1901 3415 1963 3444 an
1992 3406 2069 3447 act

238 3470 388 3514 which
408 3470 446 3514 is
465 3470 529 3527 by
550 3470 610 3513 its
629 3469 743 3512 kind
763 3469 899 3527 good,
933 3483 987 3513 or
1013 3474 1064 3513 at
1093 3470 1225 3522 least,
1254 3475 1338 3514 not
1371 3470 1478 3524 bad,
1511 3471 1553 3514 if
1578 3485 1669 3529 any
1690 3485 1780 3515 one
1800 3486 1959 3530 wrong
1979 3474 2066 3517 cir-

238 3545 503 3585 cumstance
522 3541 582 3585 be
606 3540 773 3594 added,
793 3541 831 3585 is
852 3541 1045 3584 vitiated
1070 3541 1344 3599 altogether.

328 3613 491 3656 Hence
516 3626 584 3657 we
611 3626 688 3657 see
719 3627 748 3656 a
776 3612 1024 3657 difference
1050 3612 1104 3657 of
1123 3614 1254 3657 Laws
1275 3614 1545 3658 affirmafflve
1574 3613 1667 3657 and
1692 3615 1919 3672 negative,
1944 3629 2069 3660 com-

238 3684 462 3741 manding
482 3684 575 3727 and
595 3683 863 3741 forbidding
875 3684 1052 3737 3—that
1072 3698 1132 3728 an
1153 3684 1423 3743 affirmative
1443 3686 1553 3729 Law
1573 3685 1683 3730 does
1704 3690 1788 3730 not
1807 3687 1910 3744 give
1925 3688 2070 3745 good-

239 3769 344 3800 ness
370 3760 419 3800 to
439 3755 520 3799 the
542 3759 618 3799 act
638 3754 787 3799 which
812 3756 849 3800 it
871 3756 1154 3809 commands,
1179 3756 1265 3801 but
1286 3771 1314 3801 a
1333 3757 1547 3813 negative
1566 3757 1677 3801 Law
1697 3757 1807 3802 does
1828 3758 1932 3816 give
1956 3758 2071 3803 bad-

1714 3842 1900 3892 13-2
