2482 4166
816 524 1408 594 PRAELECTIO
1478 524 1858 592 TERTIA.

421 676 495 720 IN
556 673 687 727 QUA
749 672 1164 717 OSTENDITUR
1224 671 1366 715 NON
1430 671 1586 714 ESSE
1652 670 1739 714 AD
1807 669 2255 714 OONSOIENTIAE

504 756 957 802 SECURITATEM
998 755 1175 800 SATIS
1211 754 1519 798 PRAESIDII
1558 754 1631 798 IN
1650 754 1965 799 ,VIRORUM
2003 754 2258 799 PIORUM

508 842 874 888 EXEMPLIS
913 841 1043 888 AUT
1087 840 1472 885 PERITORUM
1511 840 1550 883 J
1555 839 1799 883 UDICIO.

1182 1127 1309 1175 GAL.
1338 1125 1409 1174 II.
1438 1126 1514 1175 13.

427 1233 522 1280 Ka)
547 1233 942 1297 συνυπεκρίθησαν
967 1230 1095 1297 αὕη-ᾦ
1121 1229 1195 1277 καὶ
1223 1233 1267 1277 οἱ
1293 1230 1450 1277 λοιποὶ
1471 1231 1699 1278 Ἰουδαῖοι·
1732 1231 1861 1279 ὥστε
1897 1231 1969 1278 καὶ
2005 1229 2262 1296 Βαρνάβας

560 1310 843 1376 συναπήχθη
878 1310 1032 1357 αὐτῶν
1066 1311 1132 1376 τῇ
1166 1308 1418 1375 ὖποκρίσει.

427 1411 502 1458 Ac
526 1408 820 1457 simulabant
847 1424 949 1454 una
976 1423 1086 1454 cum
1111 1422 1159 1453 eo
1192 1404 1368 1466 reliqui
1398 1404 1543 1452 etiam
1572 1404 1750 1460 Judoei,
1782 1406 1893 1453 adeo
1922 1414 1977 1452 ut
2005 1405 2264 1453 Barnabas

559 1487 711 1535 simul
731 1487 1041 1534 abduceretur
1062 1501 1228 1533 eornm
1249 1483 1563 1531 simulatione.

438 1585 481 1637 Ι.
673 1584 792 1636 UM
830 1582 955 1634 mihi
994 1581 1312 1653 propositum
1357 1587 1493 1633 esset
1535 1580 1798 1650 propriam
1841 1588 1894 1634 et
1938 1581 2262 1652 adaequatam

719 1667 1067 1718 Conscientiae
1114 1665 1397 1733 Reyulam,
1453 1681 1568 1732 quae
1624 1662 1770 1715 nobis
1826 1670 1968 1717 certa
2024 1671 2158 1717 esset
2211 1671 2264 1717 et

431 1755 549 1802 tuta
574 1750 791 1801 vivendi
822 1749 918 1809 Zea,
947 1746 1283 1818 investigare:
1322 1744 1763 1815 pernecessarium
1791 1745 1915 1798 duxi
1943 1753 2065 1799 ante
2096 1753 2263 1800 osten-

432 1832 574 1894 dere,
616 1848 770 1901 quam
809 1829 961 1902 gravi
1000 1836 1053 1882 et
1098 1828 1382 1899 periculoso
1420 1826 1474 1878 in
1505 1845 1684 1879 errore
1714 1835 1987 1881 versentur
2012 1828 2064 1891 ii,
2096 1828 2184 1899 qui
2209 1829 2263 1881 in

431 1915 588 1967 rebus
637 1912 853 1985 agendis
911 1913 1256 1966 Conscientiae
1301 1928 1407 1962 suae
1452 1909 1715 1963 securitati
1761 1910 1887 1963 satis
1936 1919 2262 1982 prospectum

432 2002 635 2067 putant,
676 1995 732 2047 si
774 2002 867 2048 aut
914 1996 1035 2047 boni
1065 1996 1199 2061 finis
1239 1992 1540 2054 intentione,
1581 1999 1671 2045 aut
1715 1993 1892 2045 Sancti
1929 1994 2140 2065 alicujus
2180 2014 2264 2047 eec-

433 2080 619 2148 empZO,
645 2085 737 2130 aut
765 2077 864 2130 viri
893 2076 1182 2129 eruditione
1209 2075 1505 2146 pietateque
1533 2073 1746 2146 insignis
1762 2076 1977 2144 judicio
2006 2087 2055 2130 et
2083 2088 2264 2130 aucto-

433 2164 615 2223 ritate,
664 2179 720 2213 se
769 2160 1008 2229 factaque
1058 2176 1152 2211 sua
1207 2175 1411 2227 quoquo
1464 2157 1617 2209 modo
1662 2157 1799 2210 tueri
1844 2165 2104 2228 poterunt.
2192 2161 2263 2213 Et

433 2244 641 2314 quidem
687 2243 755 2296 ad
809 2243 1159 2296 Conscientiae
1205 2240 1445 2302 fructum,
1506 2238 1843 2309 fiduciamque
1900 2240 2022 2292 boni
2077 2241 2262 2312 operiS‚

434 2335 610 2380 cetera
653 2325 706 2378 ni
756 2325 955 2397 pariter
1000 2322 1277 2385 adfuerint,
1325 2322 1380 2375 in
1421 2322 1561 2375 nuda
1605 2323 1743 2376 bona
1780 2325 2068 2377 intentione
2112 2341 2265 2393 quam

434 2427 620 2481 parum
664 2408 731 2462 sit
763 2407 1006 2480 praesidii,
1051 2405 1280 2460 arbitror
1322 2423 1433 2458 esse
1464 2423 1496 2458 a
1532 2423 1614 2457 me
1643 2405 1909 2475 superiore
1937 2405 2265 2476 praelectione

434 2492 561 2545 satis
609 2493 1019 2545 demonstratum
1064 2488 1387 2558 evictumque
1443 2487 1616 2540 multis
1668 2487 1966 2551 rationibUS,
2010 2508 2115 2542 non
2160 2509 2267 2543 esse

420 2577 695 2645 facienda
732 2575 886 2626 mala
921 2584 983 2625 ut
1026 2574 1271 2626 eveniant
1306 2573 1458 2624 bona.
1548 2570 1795 2640 Superest
1822 2570 1974 2624 hodie
2003 2578 2062 2624 ut
2088 2571 2266 2624 itidem

437 2656 721 2717 ostendam,
769 2673 872 2707 non
914 2655 1105 2708 debere
1148 2671 1258 2706 esse
1289 2653 1587 2723 cujusquam
1616 2653 1835 2705 hominis
1863 2653 1944 2706 vel
1973 2655 2267 2723 eoeemplum

437 2738 521 2791 vel
551 2739 827 2806 judicium
855 2743 1016 2789 tantae
1052 2735 1192 2806 apud
1230 2753 1323 2787 nos
1361 2734 1697 2797 auctoritatiS,
1734 2742 1793 2788 ut
1822 2735 1876 2787 in
1906 2753 2083 2787 eorum
2111 2736 2266 2788 alter-

437 2827 556 2874 utro
587 2838 764 2873 secure
802 2819 1092 2889 acquiescat
1127 2818 1463 2871 Conscientia
1485 2837 1501 2868 .·
1544 2834 1711 2885 neque
1746 2835 1811 2869 ex
1849 2835 1909 2869 eo
1949 2817 2054 2869 solo
2095 2817 2267 2871 debite

438 2902 671 2957 concludi
713 2920 877 2972 posse,
917 2908 1009 2953 aut
1050 2902 1115 2953 de
1149 2901 1431 2969 praeterito
1469 2916 1619 2951 omne
1660 2898 1714 2951 id
1743 2910 1881 2952 recte
1892 2902 2116 2970 factum
2145 2920 2265 2962 esse,

438 2993 531 3040 aut
572 2988 638 3039 de
663 2987 863 3055 futuro
907 3001 1056 3036 omne
1093 2982 1149 3035 id
1191 2981 1484 3052 simpliciter
1530 2983 1659 3049 fieri
1716 2983 1886 3043 licere,
1946 2983 2084 3051 quod
2140 2982 2269 3035 alius

438 3069 710 3140 quisquam
735 3066 1009 3138 quantavis
1038 3067 1290 3118 doctrina
1319 3064 1401 3117 vel
1429 3065 1720 3117 sanctitate
1748 3064 2012 3135 praeditus,
2042 3070 2134 3117 aut
2161 3064 2270 3135 ipse

424 3154 641 3223 fecerit,
672 3157 763 3204 aut
790 3149 927 3203 licite
955 3147 1069 3201 fieri
1096 3165 1245 3218 posse
1262 3147 1613 3215 judicaverit.

565 3236 636 3288 ΙΙ.
724 3235 889 3286 Porro
935 3249 1088 3301 quam
1137 3248 1240 3282 non
1283 3228 1350 3282 sit
1392 3235 1562 3281 tutum
1612 3227 1678 3281 ad
1700 3241 1703 3243 ’
1724 3230 1960 3281 aliorum
2002 3231 2272 3300 exemplar

439 3318 599 3372 vitam
642 3322 871 3370 nostram
912 3313 1241 3383 actionesque
1292 3310 1581 3373 instituere,
1632 3328 1726 3363 nec
1782 3311 1996 3365 sufficiat
2042 3312 2111 3365 ad
2154 3331 2272 3366 con-

533 3512 574 3552 1.
636 3508 682 3552 It
713 3509 751 3552 is
774 3512 823 3552 to
842 3508 902 3552 be
926 3507 1083 3552 shown
1107 3509 1156 3551 in
1179 3508 1272 3552 this
1296 3508 1474 3551 lecture
1504 3506 1609 3550 that
1641 3504 1825 3549 neither
1851 3504 1931 3547 the
1959 3503 2187 3560 Example
2222 3504 2278 3547 of

441 3593 533 3636 any
553 3594 676 3632 man,
701 3593 788 3623 nor
807 3579 888 3623 the
913 3580 1170 3637 Judgment
1195 3579 1249 3623 of
1269 3594 1360 3636 any
1384 3592 1508 3630 man,
1530 3591 1614 3621 can
1636 3576 1695 3619 be
1719 3575 1920 3632 security
1944 3574 2020 3617 for
2044 3588 2130 3617 our
2153 3574 2271 3618 Con-

441 3651 621 3694 science
646 3665 695 3694 as
717 3655 765 3694 to
790 3650 913 3694 what
937 3665 1006 3695 we
1025 3651 1143 3695 have
1163 3651 1284 3695 done
1305 3664 1358 3694 or
1376 3649 1494 3693 have
1516 3653 1563 3692 to
1585 3647 1659 3691 do.

531 3726 573 3764 2.
638 3722 749 3765 This
781 3736 991 3779 appears,
1020 3724 1159 3774 First,
1188 3722 1312 3765 from
1341 3721 1422 3764 the
1447 3723 1558 3770 text,
1590 3717 1692 3760 Gal.
1717 3716 1764 3760 ii.
1792 3720 1858 3760 13.
1910 3716 1964 3759 St
1988 3717 2143 3768 Peter,
2168 3717 2270 3760 who

444 3790 522 3834 for
558 3805 685 3835 some
710 3793 823 3836 time
853 3793 947 3836 had
976 3794 1099 3838 Ilved
1130 3807 1300 3849 among
1324 3792 1405 3835 the
1431 3789 1685 3834 Christians
1710 3787 1812 3832 who
1838 3801 1958 3832 were
1983 3792 2032 3832 at
2056 3787 2271 3841 Antioch‚
