2482 4166
380 276 485 326 222
565 283 650 326 DE
691 283 918 327 LEGUM
957 282 1380 328 HUMANARUM
1421 281 1627 328 CAUSA
1666 283 2061 328 EFFIOIENTE.

381 412 708 466 habebantur
730 414 986 482 (Graecas
1012 411 1251 465 nimirum
1283 418 1334 465 et
1364 430 1542 465 earum
1571 411 1806 484 exempla
1834 419 2033 466 secutas
2061 411 2210 465 intel-

381 495 536 567 ligit,)
577 496 671 548 sub
710 497 856 565 reyio
900 495 1137 566 primitus
1184 497 1411 564 imperio
1444 495 1613 548 fuisse.
1701 495 1874 566 Hujus
1912 513 2065 566 quam
2102 494 2211 547 dixi

384 579 631 647 oriyinis,
660 577 797 630 inter
826 577 928 630 alia
953 577 1188 648 plurima,
1228 578 1325 629 hoc
1351 594 1554 646 quoque
1582 585 1945 649 argumentum
1989 584 2066 630 est
2108 595 2213 628 non

384 659 515 723 leve,
547 660 685 730 quod
713 667 821 713 tam
850 659 1007 712 arctis
1032 659 1217 711 finibus
1245 658 1618 711 claudebantur
1647 659 1767 711 olim
1803 662 2010 729 Reyum
2051 661 2214 712 ditio-

383 761 490 807 neg,
518 750 578 795 ut
605 742 660 794 in
687 761 791 795 una
824 743 1203 801 Canaanitide,
1241 739 1455 810 regione
1495 757 1600 791 non
1641 758 1848 812 magna,
1895 743 2127 810 triyinta
2164 751 2214 794 et

384 844 552 877 unum
580 828 750 894 36963
777 825 843 877 ab
872 822 1226 875 Israelitarum
1257 821 1405 872 Duce
1423 823 1586 874 Josue
1614 821 1894 874 debellatos
1913 822 2212 874 habeamus,

386 909 500 960 J08.
532 924 641 976 cap.
672 906 785 959 xii.:
816 905 999 976 quibus
1028 910 1202 957 tamen
1231 901 1558 972 superstitem
1594 902 1858 973 reliquisse
1893 921 2009 956 eum
2048 903 2216 955 istius-

385 989 524 1041 modi
550 990 879 1057 Reyulorum
906 1003 1175 1039 numerum
1203 984 1358 1055 duplo
1387 984 1498 1036 fere
1525 985 1787 1055 majorem,
1818 1003 1921 1038 non
1958 985 2215 1056 improba-

387 1070 477 1124 bili
505 1070 800 1139 conjectura
827 1069 910 1122 vel
938 1086 1003 1120 ex
1032 1085 1092 1120 eo
1129 1066 1255 1118 mihi
1288 1066 1457 1138 colligi
1495 1085 1646 1137 posse
1677 1067 1896 1131 videtur,
1940 1067 2078 1137 quod
2112 1085 2216 1119 non

387 1152 548 1204 multo
578 1158 692 1221 post
730 1151 888 1221 ipsius
916 1153 1079 1203 Josue
1115 1167 1379 1202 excessum
1415 1150 1866 1203 Adoni-bezekum
1907 1150 1962 1202 in
2002 1160 2216 1219 septua-

383 1236 544 1303 9inta
588 1237 757 1303 36968
803 1251 836 1285 a
888 1250 944 1285 se
989 1230 1220 1284 devictos
1263 1231 1486 1284 barbaro
1533 1250 1677 1284 more
1723 1231 1946 1284 saeviisse
1979 1231 2212 1303 legimus,

387 1316 581 1369 Jud.-i.
614 1316 665 1371 7.
741 1315 878 1379 Quid
907 1314 1116 1366 multa?
1206 1314 1420 1385 Magnae
1468 1313 1674 1366 familiae
1714 1316 2020 1383 principem
2061 1313 2214 1375 inter,

388 1407 441 1452 et
492 1397 698 1470 angusti
754 1397 1003 1450 territorii
1057 1399 1271 1466 Reyeon,
1326 1402 1434 1449 tam
1490 1395 1622 1448 exile
1678 1395 1949 1449 discrimen
2006 1402 2099 1458 est,
2157 1401 2217 1447 ut

389 1484 600 1534 nomine
634 1488 687 1533 et
715 1475 884 1533 hniole
929 1478 1108 1550 magis„
1158 1496 1311 1548 quam
1347 1497 1405 1531 re
1445 1484 1499 1531 et
1532 1489 1811 1548 potestate,
1851 1478 2044 1531 distare
2078 1477 2217 1530 inter

390 1581 446 1617 se
500 1563 804 1615 videantur:
862 1563 936 1615 ita
978 1568 1037 1613 ut
1078 1560 1268 1613 nemini
1310 1560 1472 1630 possit
1520 1579 1631 1613 esse
1680 1560 1907 1623 dubium,
1964 1560 2216 1630 siquidem

390 1646 616 1698 rationes
652 1645 754 1698 rite
795 1644 1077 1697 subducere
1114 1643 1253 1705 velit,
1290 1645 1544 1712 patriam
1581 1645 1998 1696 dominationem
2038 1660 2216 1712 proce-

390 1731 545 1783 dente
587 1736 834 1799 tempore,
875 1725 1123 1796 paulatim
1165 1731 1218 1777 et
1266 1724 1656 1795 imperceptibili
1698 1732 1867 1787 auctu,
1911 1725 1964 1776 in
2008 1727 2216 1794 reyium

390 1831 578 1877 nomen
613 1822 662 1865 et
698 1811 985 1879 imperium
1026 1806 1342 1869 adolevisse3
1386 1825 1480 1858 nec
1537 1806 1742 1859 aliunde
1796 1825 1949 1877 quam
2004 1825 2069 1859 ex
2119 1807 2217 1859 hoe

390 1893 557 1964 capite
585 1893 861 1964 petendam
890 1908 1001 1944 esse
1028 1892 1224 1943 summi
1245 1891 1474 1959 Imperii
1502 1891 1777 1958 oriyinem.
1864 1891 1934 1942 Et
1968 1889 2217 1942 hactenus

390 1994 529 2039 sane,
559 1975 613 2027 in
642 1973 951 2026 conferenda
979 1975 1133 2041 reyia
1162 1981 1442 2041 potestate,
1473 1970 1639 2023 nullas
1674 1970 1846 2034 fuisse,
1889 1989 1983 2024 nec
2011 1971 2217 2041 quidem

391 2077 501 2112 esse
535 2057 775 2128 potuisse,
796 2057 995 2126 populi
1022 2060 1214 2124 parteS,
1245 2059 1386 2105 certo
1416 2052 1604 2105 certius
1633 2059 1727 2108 est.

509 2141 688 2195 XVII.
773 2141 857 2191 Ex
885 2137 980 2199 his,
1022 2142 1082 2189 ut
1110 2134 1306 2206 opinor,
1348 2133 1473 2188 satis
1501 2133 1765 2187 conficitur
1794 2136 1873 2204 (ut
1900 2134 2026 2188 illud
2055 2135 2222 2188 obiter

390 2225 648 2286 adnotem,
673 2222 810 2292 quod
832 2221 1044 2291 dignum
1068 2225 1146 2271 est
1168 2218 1483 2286 observatu,)
1503 2216 1644 2269 illam
1665 2220 1945 2287 reyiminis
1956 2209 2220 2288 foi-mam,

391 2307 445 2359 in
467 2324 569 2377 qua
594 2305 752 2358 totius
765 2305 1012 2373 familioe
1031 2303 1426 2371 primoyenitus
1447 2299 1501 2352 in
1522 2299 1645 2369 jura
1672 2306 1893 2370 paterna
1912 2300 2137 2353 succedit
2164 2307 2223 2353 ut

383 2390 747 2460 propinquior
776 2388 958 2447 hoereS,
999 2383 1182 2436 merito
1219 2382 1402 2435 ceteris
1429 2382 1790 2452 preferendam
1825 2400 1967 2446 esse3
2010 2401 2124 2435 cum
2158 2382 2222 2435 ob

393 2471 520 2523 alias
548 2469 793 2540 plurimas
831 2486 926 2520 nec
955 2465 1351 2518 contemnendas
1380 2464 1622 2526 rationeS,
1653 2470 1764 2516 tum
1793 2464 1876 2518 vel
1904 2466 2001 2517 hac
2027 2483 2130 2517 una
2159 2464 2224 2517 de

393 2570 546 2605 causa
574 2551 810 2612 maxime,
841 2548 978 2619 quod
1001 2549 1205 2616 oriyini
1226 2565 1346 2609 suae,
1370 2547 1437 2599 ad
1459 2564 1613 2616 quam
1639 2546 1870 2599 homines
1897 2554 2086 2600 natura
2112 2546 2225 2617 ipsa

395 2633 770 2704 quodammodo
813 2629 1091 2683 instituisse
1134 2628 1355 2691 videtur,
1400 2628 1591 2698 optime
1629 2629 1956 2699 respondeat.
2036 2629 2085 2682 A
2123 2647 2226 2698 qua

397 2716 783 2784 antiquissima
820 2719 873 2765 et
906 2718 1107 2763 naturae
1135 2709 1593 2781 congruentissima
1619 2712 1814 2779 forma
1843 2711 1994 2764 simul
2028 2712 2227 2765 absces-

396 2815 508 2850 sum
538 2802 630 2858 est,
663 2793 952 2864 (impotenti
980 2791 1168 2844 scilicet
1198 2797 1250 2843 et
1273 2790 1469 2842 effraeni
1497 2793 1819 2844 dominandi
1849 2795 2074 2846 libidine
2101 2792 2227 2845 alias

447 2976 467 3002 h
498 2977 542 3014 οὐ
578 2977 640 3024 τῷ
675 2975 759 3024 ὅλῳ
792 2976 859 3013 καὶ
884 2990 1031 3024 παντι,
1063 2974 1181 3011 α’λλα
1207 2989 1267 3023 τῳ
1309 2992 1310 2997 =
1350 2974 1390 3010 in
1409 2973 1494 3011 Vit.
1524 2973 1647 3021 Greg.
1678 2971 1882 3014 Nazianz„
1915 2970 2077 3018 praefixa
2101 2970 2227 3019 ipsius

397 3055 454 3077 πο
460 3055 518 3089 σῳ
546 3038 656 3088 μόνῳ
684 3037 884 3086 διαφέρει
887 3038 1110 3086 -Gregor
1131 3037 1269 3074 Presb.
1310 3045 1313 3083 ἱ
1354 3036 1474 3084 Opp„
1492 3035 1608 3071 Tom.
1630 3034 1665 3071 Ι.
1683 3045 1724 3081 p.
1743 3032 1833 3070 cxli.
1853 3043 1886 3078 c,
1905 3032 1965 3069 ed.
1987 3031 2162 3079 Bened.]

489 3157 558 3198 17.
620 3152 784 3196 Hence
812 3151 1081 3209 hereditary
1115 3149 1385 3207 monarchy,
1407 3146 1660 3192 continued
1690 3146 1754 3203 by
1786 3144 2166 3203 prImogeniture,
2189 3144 2228 3188 is

399 3224 555 3268 better
575 3223 691 3268 than
719 3222 855 3268 other
880 3223 1039 3275 forms,
1058 3235 1108 3267 as
1137 3234 1269 3266 more
1300 3223 1556 3265 consonant
1583 3223 1633 3263 to
1660 3216 1743 3262 the
1781 3216 1932 3274 origin
1958 3215 2013 3260 of
2036 3229 2232 3273 govern-

398 3300 543 3340 ment.

490 3367 644 3411 Those
660 3366 763 3410 who
784 3366 1041 3411 succeeded
1056 3370 1105 3410 to
1125 3364 1335 3424 political
1354 3362 1592 3420 authority
1612 3359 1855 3405 otherwise
1870 3357 1985 3402 than
2003 3358 2066 3416 by
2080 3358 2230 3415 legiti-

401 3442 526 3482 mate
548 3438 821 3492 successim,
837 3452 958 3482 were
978 3437 1224 3496 promoted
1244 3437 1293 3479 in
1314 3449 1403 3480 one
1424 3434 1478 3478 of
1500 3433 1632 3477 these
1657 3445 1803 3489 ways:
1836 3430 1974 3481 First,
1992 3429 2055 3486 by
2067 3429 2229 3480 Force,

401 3508 553 3553 either
572 3510 635 3567 by
661 3523 790 3554 mere
819 3510 1106 3567 usurpation,
1127 3522 1180 3552 or
1198 3508 1263 3566 by
1292 3509 1391 3565 just
1414 3519 1519 3549 war.
1593 3505 1688 3547 But
1717 3502 1767 3544 in
1799 3500 1931 3544 these
1959 3513 2084 3544 cases
2117 3498 2231 3556 they

401 3580 481 3622 did
511 3585 596 3624 not
627 3594 723 3624 owe
747 3581 872 3625 their
902 3581 1138 3638 authority
1157 3584 1207 3623 to
1237 3579 1319 3623 the
1348 3577 1531 3635 people,
1552 3589 1644 3632 any
1664 3586 1793 3616 more
1823 3571 1939 3615 than
1968 3570 2102 3614 those
2126 3569 2229 3612 who

402 3652 661 3695 succeeded
700 3652 762 3710 by
796 3652 1065 3710 hereditary
1089 3650 1240 3708 right.
1283 3650 1382 3701 but,
1404 3662 1465 3692 on
1495 3646 1576 3691 the
1608 3649 1838 3700 contrary,
1870 3642 1992 3694 less;
2029 3641 2154 3685 since
2180 3640 2230 3681 in

402 3720 494 3764 this
516 3735 634 3773 case,
648 3722 729 3766 the
750 3723 918 3780 people
937 3737 1056 3767 were
1073 3721 1309 3775 adverse,
1297 3735 1347 3764 m
1364 3719 1445 3764 the
1460 3719 1650 3768 former,
1662 3714 1799 3758 wilhn
1804 3727 1848 3771 g
1862 3726 1915 3757 or
1933 3709 2230 3757 accustomed

401 3795 452 3833 to
477 3791 558 3833 the
583 3792 697 3834 rule
