2482 4166
433 290 538 342 262
1040 305 1126 348 DE
1167 306 1335 350 LEGE
1376 307 1650 352 POENALI.

433 431 903 503 transgressoribus
933 433 1215 504 constituit)
1243 445 1292 489 et
1320 439 1397 489 ad
1431 438 1650 506 culpam
1689 437 1909 506 οόἷὶρατ,
1955 447 2004 490 et
2043 439 2120 490 ad
2155 456 2266 507 ρος-

431 531 560 565 nam
583 533 600 565 .·
638 513 712 567 ita
754 521 813 568 ut
860 533 954 568 nec
1000 517 1104 586 leqi
1149 517 1443 581 satisfaciat,
1489 537 1583 571 nec
1627 521 1961 572 conscientiae
2011 538 2132 582 suae,
2179 518 2266 588 qui

424 614 647 664 paenam
676 596 907 660 sustinet,
938 598 1035 650 nisi
1063 605 1116 651 et
1144 598 1271 651 illud
1296 599 1477 652 fecerit
1506 601 1645 669 quod
1673 603 1780 669 leye
1805 601 2106 671 imperatur.
2181 600 2266 653 Ad

424 696 647 747 poenam
677 678 907 750 obligare
938 680 1185 749 ejusmodi
1225 682 1386 749 leyem
1420 681 1611 733 nemini
1653 688 1824 751 potest
1866 701 1976 736 esse
2019 682 2261 736 dubium:

433 759 561 811 alias
591 760 703 830 quis
732 779 852 813 usus
883 779 993 813 esse
1022 767 1194 831 posset
1223 763 1445 830 adjectae
1458 781 1632 830 poenae
1652 764 1680 815 ,Ρ
1735 763 1983 835 Obligare
2011 771 2184 818 autem
2214 771 2267 818 et

436 844 513 894 ad
542 844 759 912 eulpam
787 842 907 894 inde
942 849 1101 912 patet,
1147 842 1285 911 quod
1328 843 1650 897 manifestam
1693 844 1918 898 continet
1951 849 2267 915 praeceptio-

435 942 553 976 nem
572 944 592 985 ,·
636 930 689 976 et
718 924 881 975 omnis
910 923 1186 994 praeceptio
1215 924 1410 996 obligat
1443 928 1520 978 ad
1558 927 1775 995 culpam
1794 948 1811 979 .·
1854 926 2104 996 siquidem
2139 927 2268 980 nihil

436 1005 576 1057 aliud
605 1011 682 1057 est
720 1006 909 1074 Culpa,
942 1024 1095 1075 quam
1124 1007 1373 1077 praecepti
1408 1006 1620 1077 alicujus
1648 1008 2024 1080 transgressi03
2069 1005 2101 1075 ἦ
2144 1006 2266 1084 «γάρ

433 1082 676 1161 ἁμαρτία
704 1082 861 1142 ἐστὶν
890 1083 1096 1154 ἀνομία,
1119 1090 1184 1140 pl
1207 1091 1329 1144 Joh.
1351 1089 1418 1142 iii.
1472 1091 1583 1142 Nec
1603 1097 1772 1160 potest
1790 1091 2126 1161 probabiliter
2148 1092 2264 1155 dici,

434 1169 573 1238 quod
619 1175 793 1221 tamen
838 1169 1054 1222 sensisse
1097 1170 1304 1224 videtur
1346 1174 1659 1235 Navarra&
1697 1172 2071 1244 Legislatorem
2108 1191 2266 1243 appo-

431 1251 600 1303 nendo
622 1270 841 1322 poenam
872 1251 1092 1305 voluisse
1121 1252 1424 1325 significare,
1449 1272 1504 1307 se
1533 1272 1635 1307 non
1663 1254 1902 1307 habuisse
1930 1254 2268 1308 intentionem

433 1333 692 1405 obligandi
723 1333 819 1386 nisi
846 1337 922 1387 ad
951 1334 1090 1387 illam
1131 1336 1419 1406 appositam
1448 1356 1670 1406 poenam
1710 1343 1928 1390 tantum.
2016 1336 2268 1390 Animad-

434 1416 623 1469 vertite
653 1434 840 1485 quaeSO,
860 1435 1013 1487 quarn
1040 1436 1340 1488 perversum
1369 1417 1436 1472 sit
1457 1438 1629 1489 pcence
1658 1419 2084 1482 constitutionem,
2113 1438 2267 1490 quam

434 1504 633 1550 certum
663 1506 741 1551 est
771 1517 830 1551 eo
860 1499 968 1552 sine
1005 1499 1292 1570 appositam
1332 1519 1442 1554 esse
1475 1504 1845 1571 praeceptioni,
1886 1509 1945 1555 ut
1985 1501 2097 1572 ipsa
2119 1521 2267 1571 proe-

434 1583 604 1649 ceptio
649 1580 758 1650 ejus
799 1600 965 1650 poence
1007 1593 1149 1635 metu
1187 1583 1410 1636 sanctius
1450 1591 1502 1636 et
1545 1584 1838 1655 diligentius
1882 1585 2264 1646 observaretur,

432 1662 502 1714 sic
528 1662 877 1732 interpretari,
909 1670 967 1716 ut
986 1668 1252 1733 praecepti
1281 1667 1660 1734 obliyationem
1689 1666 1939 1719 invalidet
1980 1673 2033 1719 et
2066 1665 2218 1719 >tollat
2236 1666 2265 1718 ?

436 1744 659 1797 Infinitae
710 1751 834 1798 sunt
878 1763 973 1815 per
1019 1747 1195 1800 orbem
1242 1753 1517 1810 terrarum,
1568 1748 1781 1817 adjectis
1824 1748 2033 1818 insuper
2068 1750 2262 1817 poeni-9,

433 1825 555 1878 latae
597 1827 651 1879 in
685 1826 842 1890 fureS,
883 1827 1126 1890 latrones,
1165 1827 1461 1891 homicidaS,
1500 1828 1751 1900 perjurOS,
1783 1829 2011 1899 aliosque
2039 1829 2264 1883 nefarios

433 1914 486 1961 et
514 1908 788 1962 sceleratos
817 1908 970 1971 civeS,
1004 1911 1165 1979 leyes:
1195 1909 1313 1962 tulit
1342 1910 1495 1963 etiam
1534 1913 1693 1980 leyem
1720 1913 1863 1964 Deus
1904 1918 2105 1965 creator
2147 1930 2266 1982 pro-

432 1990 668 2060 toplastis
710 1990 1013 2053 hominibus,
1051 2009 1153 2061 qua
1196 1991 1270 2043 eis
1312 2011 1457 2045 esum
1498 1994 1635 2062 liym·
1677 1994 1816 2063 quod
1855 2001 1968 2046 erat
2001 1994 2055 2045 in
2097 1994 2264 2046 medio

433 2072 662 2142 paradisi
689 2075 992 2135 interdioeit,
1024 2073 1260 2144 apposita
1289 2073 1332 2126 si
1361 2074 1690 2128 comederent
1712 2077 1902 2128 mortis
1920 2094 2103 2145 poena,
2131 2076 2263 2129 Gen.

433 2154 482 2205 ii.
540 2154 761 2208 Adeone
800 2155 1019 2226 reperiri
1062 2173 1354 2225 quenquam
1393 2174 1532 2209 sanae
1575 2156 1760 2210 mentis
1791 2157 2010 2228 inopem,
2041 2164 2101 2210 ut
2136 2157 2268 2210 exis-

433 2236 582 2289 timet
621 2236 902 2308 obligatum
945 2237 1062 2309 lege
1101 2238 1199 2290 hac
1238 2238 1413 2291 divina
1441 2240 1734 2302 Adamum,
1773 2239 2025 2311 obligatos
2066 2239 2269 2311 legibus

433 2318 531 2370 illis
561 2319 798 2372 humanis
830 2321 985 2382 alios,
1018 2322 1095 2372 ad
1113 2340 1334 2389 poenam
1363 2327 1580 2383 tantum,
1608 2340 1711 2374 non
1733 2322 1886 2375 etiam
1911 2324 1987 2374 ad
2012 2323 2269 2391 culpam?

437 2401 564 2463 Quis
594 2401 783 2455 dixerit
813 2403 891 2470 (ut
919 2401 1032 2454 illas
1060 2402 1253 2455 alteras
1283 2403 1514 2457 omittam
1548 2405 1681 2474 leyes
1709 2405 1997 2471 humanas)
2031 2406 2134 2473 leye
2163 2406 2268 2457 illa

433 2485 628 2536 divina
649 2483 906 2536 Adamum
927 2499 1030 2558 non
1048 2484 1203 2537 fuisse
1219 2487 1515 2555 obliyatum
1532 2488 1593 2538 in
1612 2488 1949 2549 conscientia,
1970 2493 2029 2539 ut
2046 2504 2078 2538 a
2095 2486 2267 2539 fructu

435 2564 596 2617 vetito
626 2567 916 2619 abstineret
937 2586 957 2627 ,·
1001 2566 1092 2619 sed
1121 2567 1190 2619 ad
1218 2568 1314 2620 hoc
1343 2575 1559 2631 tantum,
1584 2575 1643 2622 ut
1672 2568 1715 2621 si
1744 2568 2035 2621 comederet
2054 2574 2268 2638 paratus

436 2653 570 2698 esset
595 2649 784 2700 mortis
822 2651 1140 2701 sententiam
1176 2648 1350 2701 subire
1369 2650 1397 2701 ἱ)
1454 2649 1671 2721 Rejecta
1705 2669 1831 2722 ergo
1866 2652 2121 2703 Navarri
2155 2668 2268 2702 sen-

434 2725 612 2790 tentia,
662 2727 724 2795 (si
776 2746 838 2780 ea
894 2729 1054 2782 fuerit
1090 2729 1247 2799 ipsius
1286 2729 1496 2784 indubie
1538 2732 1812 2796 sententia,
1850 2733 1988 2802 quod
2032 2732 2096 2785 de
2135 2730 2269 2785 tanti

672 2913 694 2941 P
729 2906 846 2955 [vers.
865 2909 915 2956 43
943 2910 1047 2948 conf.»
1069 2901 1188 2960 supra
1204 2912 1321 2950 Prael.
1341 2924 1399 2952 1v.
1429 2913 1533 2951 Sect.
1553 2916 1625 2962 143
1652 2916 1770 2954 Prael.
1792 2928 1831 2954 v.
1859 2918 1963 2955 Sect.
1981 2917 2040 2966 5.]

432 3037 583 3092 Law,''
611 3043 633 3082 1
661 3040 693 3083 J
695 3039 767 3083 oh.
789 3040 853 3084 iii.
917 3042 1155 3087 Navarrus
1179 3044 1217 3088 is
1243 3057 1400 3102 wrong
1418 3044 1553 3088 when
1577 3044 1638 3089 he
1663 3058 1766 3103 says
1787 3045 1891 3090 that
1911 3046 1992 3090 the
2012 3047 2266 3104 legislator,

432 3110 495 3167 by
521 3110 602 3154 the
629 3111 834 3169 penalty,
861 3118 1019 3157 meant
1046 3119 1096 3157 to
1120 3111 1275 3158 forbid
1303 3115 1385 3159 the
1411 3117 1760 3173 transgression,
1788 3117 1898 3174 only
1922 3122 1971 3160 to
1998 3117 2080 3161 the
2105 3122 2266 3162 extent

432 3181 487 3224 of
520 3181 601 3225 the
637 3183 842 3240 penalty.
920 3184 1034 3228 Men
1064 3199 1143 3229 are
1173 3200 1403 3243 perverse,
1437 3186 1571 3230 when
1601 3187 1915 3244 punishment,
1944 3188 2096 3232 which
2125 3190 2163 3232 is
2195 3202 2265 3233 as-

432 3252 595 3309 signed
619 3266 668 3296 as
690 3267 718 3296 a
736 3255 947 3298 sanction
971 3260 1021 3299 to
1042 3256 1230 3300 enforce
1246 3257 1327 3301 the
1339 3257 1463 3309 Law,
1484 3258 1522 3301 is
1542 3258 1830 3316 interpreted
1847 3272 1897 3303 so
1912 3272 1960 3302 as
1978 3264 2026 3303 to
2042 3259 2265 3304 frustrate

430 3322 513 3366 the
534 3324 657 3367 Law.
703 3324 855 3368 There
880 3339 960 3370 are
980 3327 1112 3370 Laws
1133 3328 1314 3384 against
1334 3328 1540 3380 robbers,
1559 3329 1750 3381 thieves,
1771 3329 2049 3381 murderers,
2070 3331 2163 3373 and
2183 3330 2265 3374 the

430 3393 539 3438 like.
607 3394 737 3438 Shall
762 3409 829 3439 we
850 3410 1051 3454 suppose
1071 3397 1175 3441 that
1200 3398 1243 3441 if
1262 3412 1290 3441 a
1313 3412 1424 3442 man
1449 3399 1643 3443 submits
1664 3403 1713 3443 to
1745 3399 1826 3443 the
1851 3401 2044 3458 penalty
2065 3401 2119 3444 of
2131 3400 2264 3445 these

431 3463 492 3507 he
513 3465 550 3508 is
572 3470 656 3509 not
677 3466 921 3524 culpable?
984 3468 1090 3511 God
1109 3469 1246 3513 made
1267 3483 1296 3512 a
1314 3470 1424 3512 Law
1444 3469 1520 3513 for
1538 3469 1690 3513 Adam
1709 3469 1978 3528 forbidding
1997 3471 2096 3513 him
2116 3476 2165 3516 to
2187 3475 2264 3515 eat

432 3534 486 3577 of
512 3535 593 3579 the
620 3537 739 3581 Tree
765 3537 819 3581 of
850 3538 1164 3596 Knowledge3
1201 3539 1313 3583 with
1340 3539 1421 3583 the
1450 3541 1642 3598 penalty
1669 3541 1724 3583 of
1748 3540 1890 3584 death
1922 3542 2089 3586 added.
2153 3543 2262 3586 Was

430 3610 513 3649 not
534 3606 685 3650 Adam
709 3608 869 3651 bound
889 3609 938 3651 in
964 3611 1233 3656 conscience
1258 3615 1307 3654 to
1333 3611 1515 3655 abstain
1539 3611 1661 3655 from
1682 3612 1869 3669 eating?

519 3676 628 3720 And
647 3678 754 3723 thus
780 3693 808 3723 a
829 3680 986 3725 Mixed
1013 3682 1163 3725 Penal
1188 3682 1299 3726 Law
1326 3681 1503 3740 obliges
1531 3681 1648 3727 both
1673 3682 1824 3727 under
1849 3682 1970 3728 fault
1994 3683 2086 3727 and
2112 3682 2263 3726 under

432 3747 637 3804 penalty.
