2482 4166
838 260 1220 306 PRAELEOTIO
1265 257 1541 312 QUARTA.
2009 247 2111 300 103

271 392 603 448 remotiores:
645 396 826 460 utpote
857 387 1041 459 quibus
1068 386 1211 440 nulla
1238 393 1414 457 posset
1445 385 1586 456 juste
1623 381 1870 454 imputari
1897 385 2113 453 peccati

271 477 447 544 culpa.
504 467 642 527 jUbi
679 475 819 526 enim
853 490 959 525 non
991 481 1068 524 est
1109 472 1207 532 lex,
1244 488 1338 522 nee
1378 468 1734 536 transyressio
1777 484 1888 518 esse
1923 473 2109 536 potest,

269 575 426 627 quum
469 556 536 610 sit
564 558 856 609 Peccatum
900 553 1030 606 nihil
1072 552 1213 606 aliud
1248 570 1404 621 quam
1429 552 1596 618 Leyis
1634 550 2007 618 transyressiO,
2038 543 2108 615 ¹³75

269 635 389 714 ργοὶρ
428 636 673 713 ἁμαρτία
714 635 745 703 ἠ
786 634 992 701 ἀνομία.
1079 637 1328 706 Magnam
1358 651 1469 686 esse
1504 627 1879 686 ¹Conscientice
1918 632 2029 684 vim
2056 630 2110 682 in

268 731 544 791 utramque
579 726 799 792 partem,
839 727 898 772 ut
935 726 987 772 et
1023 718 1151 770 nihil
1180 723 1394 779 metuat,
1440 715 1528 786 qui
1573 713 1761 767 nullius
1807 713 1903 766 sibi
1948 713 2110 784 culpa>

269 804 495 857 conscius
552 810 645 866 est,
693 809 746 855 et
791 802 918 854 nihil
972 820 1077 854 non
1125 806 1338 862 metuat,
1387 817 1540 869 quem
1581 796 1814 868 exagitat
1860 795 2110 848 scelerum

268 905 476 939 suorum
505 885 813 938 conscientia
836 905 848 947 ;
893 885 1144 938 Veterum
1163 884 1525 936 Ethnicorum
1550 898 1653 933 non
1673 880 1880 933 Scholae
1908 885 2110 931 tantum

267 975 563 1040 personant,
608 969 699 1021 sed
743 975 796 1021 et
836 970 1042 1021 Rostra
1082 973 1135 1019 et
1181 967 1430 1018 Theatra
1451 985 1468 1017 .·
1529 962 1617 1034 qui
1660 968 1835 1015 tamen
1878 960 2005 1013 nihil
2044 961 2111 1013 de

268 1054 436 1113 Mose,
479 1050 608 1103 nihil
641 1051 706 1103 de
735 1052 964 1111 Christo,
1005 1048 1134 1101 nihil
1164 1047 1229 1101 de
1259 1050 1399 1117 Leqe
1442 1058 1492 1100 et
1517 1047 1828 1116 Prophetis,
1874 1043 2001 1096 nihil
2045 1043 2111 1096 de

268 1135 572 1203 Evangyelio
602 1145 651 1187 et
684 1134 970 1203 Apostolis‚
1009 1149 1236 1201 unquam
1265 1130 1641 1183 inaudiverant,
1725 1129 1870 1200 Ergo
1899 1146 2002 1180 non
2032 1133 2110 1180 est

272 1218 564 1286 Scriptura
592 1216 700 1269 sola
728 1223 782 1269 et
810 1218 1107 1284 adaequata
1137 1215 1481 1268 Conscientiae
1512 1214 1740 1280 Reyula.

387 1298 506 1353 XV.
587 1299 847 1351 Probatur
905 1299 1142 1360 secundo,
1200 1314 1233 1349 a
1288 1295 1497 1367 proprio
1557 1296 1749 1347 Sacrae
1803 1293 2111 1361 Scripturae

269 1381 395 1445 sine,
426 1381 515 1451 qui
553 1389 633 1434 est
674 1382 954 1457 ῃασοφίσαι
996 1381 1068 1437 εἷς
1111 1380 1402 1454 σωτηρίαν,
1443 1379 1726 1446 Sapientes
1760 1394 1855 1428 nos
1889 1376 2110 1428 reddere

270 1467 348 1516 ad
388 1466 615 1517 salutem
661 1470 909 1516 aeternam
952 1479 1047 1533 per
1088 1461 1243 1514 fidem
1275 1459 1420 1529 'quse
1474 1466 1554 1512 est
1609 1458 1664 1510 in
1710 1457 1919 1510 Christo
1963 1457 1999 1508 J
2003 1474 2108 1508 esu.

271 1546 401 1598 Cum
431 1545 566 1598 enim
610 1563 714 1597 non
761 1551 935 1615 posset
975 1546 1150 1597 lumen
1192 1544 1473 1595 naturalis
1502 1542 1758 1593 Rationis
1785 1539 1854 1591 ad
1893 1555 1955 1591 ea
1994 1555 2110 1607 quae

267 1646 361 1680 nos
404 1628 691 1698 perducant
737 1627 805 1679 ad
842 1629 1007 1695 finem
1054 1625 1525 1695 supernaturalem
1567 1621 1876 1675 sufficienter
1917 1620 2112 1691 pertin-

268 1728 410 1781 gere,
450 1728 565 1762 cum
603 1719 818 1781 propter
849 1710 1177 1762 obscuratum
1206 1706 1356 1759 nimis
1399 1725 1464 1759 ex
1503 1705 1635 1757 Adae
1673 1705 1822 1775 lapsu
1855 1705 2112 1757 naturale

267 1793 395 1845 illud
436 1795 629 1859 lumen,
671 1799 780 1845 tum
819 1791 973 1844 etiam
1019 1790 1141 1860 quia
1183 1790 1252 1843 ad
1279 1792 1445 1859 finem
1483 1789 1955 1858 supernaturalem
1985 1804 2112 1856 opus

268 1882 348 1929 est
418 1877 612 1929 mediis
676 1875 1189 1944 supernaturalibus
1211 1893 1227 1925 :
1294 1871 1489 1942 placuit
1552 1872 1684 1933 Deo,
1750 1868 2112 1922 imbecillitatis

267 1964 458 2010 nostrae
487 1957 665 2011 habita
691 1957 909 2020 ratione,
935 1958 1264 2010 voluntatem
1291 1973 1434 2007 suam
1467 1972 1562 2024 pro
1592 1972 1655 2005 ea
1684 1971 1787 2022 qua
1816 1952 1916 2023 ipsi
1946 1951 2111 2004 visum

268 2047 348 2093 est
392 2059 633 2093 mensura
676 2039 965 2093 hominibus
1005 2039 1058 2091 in
1116 2040 1272 2092 verbo
1328 2056 1419 2090 suo
1476 2036 1786 2106 patefacere.
1871 2034 2111 2087 Gratioso

269 2123 561 2185 admodum,
602 2130 655 2176 et
702 2122 848 2175 nobis
887 2121 1104 2174 salutari
1150 2119 1390 2172 consilio:
1436 2127 1495 2171 ut
1540 2136 1645 2170 non
1691 2117 1856 2170 solum
1898 2135 1961 2170 ea
1996 2136 2112 2187 quae

270 2204 480 2274 proprie
509 2211 628 2257 sunt
645 2207 795 2273 fidei,
834 2222 928 2256 nec
964 2209 1179 2273 possunt
1210 2204 1409 2254 lumine
1437 2211 1652 2253 naturae
1681 2199 1934 2271 cognosci,
1965 2200 2113 2252 nobis

270 2294 396 2339 nota
438 2287 623 2340 fierent
671 2305 766 2357 per
808 2287 1185 2340 revelationem
1230 2286 1515 2344 divinam‚·
1571 2283 1663 2336 sed
1703 2291 1756 2335 et
1801 2282 1853 2335 in
1891 2282 1953 2335 iis
1998 2301 2113 2352 quae

271 2380 480 2422 natura
519 2372 671 2423 nobis
718 2371 936 2438 coynita
980 2374 1113 2430 sunt,
1161 2366 1439 2437 perfectius
1480 2373 1533 2419 et
1575 2365 1851 2419 salutarius
1892 2365 2113 2418 instrue-

270 2470 480 2504 remur:
527 2470 628 2522 quo
657 2451 897 2504 nimirum
931 2468 994 2503 ea
1031 2449 1144 2519 ipsa
1182 2468 1362 2519 opera,
1402 2467 1517 2518 queo
1554 2459 1762 2501 natura
1804 2448 1966 2501 dictat
2000 2465 2114 2501 esse

270 2541 530 2603 utcunque
559 2534 808 2596 facienda,
841 2552 906 2586 ex
935 2532 1171 2585 nobiliori
1196 2534 1482 2602 principio
1522 2538 1638 2584 orta
1678 2533 1791 2584 Dei
1827 2550 2025 2596 amore,
2060 2537 2114 2584 et

270 2617 340 2669 ad
367 2616 642 2670 nobiliores
653 2619 790 2685 fines
820 2615 1059 2668 ordinata
1088 2617 1200 2668 Dei
1223 2616 1460 2684 yloriam
1479 2625 1528 2667 et
1558 2616 1874 2667 animarum
1902 2625 2115 2668 nostra-

313 2796 328 2829 ,ἱ
355 2796 475 2834 Rom.
492 2796 543 2832 iv.
562 2796 624 2833 '15.
1278 2797 1288 2824 ¹
1317 2796 1477 2846 [Cicero
1494 2797 1564 2833 ubi
1577 2808 1698 2845 supra
1710 2797 1826 2834 Prael.
1846 2809 1876 2835 1.
1897 2798 2003 2835 Sect.
2023 2797 2084 2848 1.]

320 2857 339 2884 k
366 2860 387 2894 1
407 2858 501 2896 Joh.
526 2858 580 2895 iii.
608 2860 645 2895 4.
685 2857 809 2906 [conf.
839 2859 943 2897 infra
968 2859 1146 2898 Prae1.v.
1278 2866 1306 2885 ¹¹¹
1333 2862 1357 2897 2
1377 2859 1480 2896 Tim.
1498 2859 1553 2897 iii.
1574 2860 1635 2897 15.

272 2921 377 2958 Sect.
395 2923 442 2967 53
469 2932 564 2958 vm.
585 2922 694 2960 Sect.
711 2920 791 2969 24]

364 3079 434 3119 15.
512 3075 663 3119 Proof
687 3074 883 3120 Second:
924 3076 1025 3121 The
1050 3091 1225 3135 proper
1245 3077 1338 3122 end
1369 3077 1423 3121 of
1448 3076 1690 3136 Scripture
1720 3076 1758 3120 is
1784 3079 1833 3119 to
1864 3075 1992 3119 make
2011 3091 2111 3121 men

271 3145 372 3188 wisc
399 3153 508 3189 unto
538 3148 760 3190 salvation
789 3149 980 3205 throuyh
994 3149 1128 3204 saith
1157 3150 1207 3192 in
1241 3149 1389 3193 Christ
1417 3149 1559 3200 Jesus,
1590 3154 1617 3191 2
1655 3148 1775 3192 Tim.
1805 3147 1870 3190 iii.
1909 3151 1990 3192 15:
2027 3148 2110 3193 the

271 3215 415 3271 Light
435 3216 489 3259 of
508 3218 696 3260 natural
719 3219 907 3262 Reason
926 3220 964 3263 is
984 3220 1264 3264 insufficient
1288 3225 1338 3264 to
1358 3218 1499 3277 guide
1523 3234 1577 3263 us
1598 3223 1648 3262 to
1675 3218 1758 3262 the
1784 3221 2111 3274 supernatural

273 3287 367 3330 end
387 3286 442 3329 of
463 3287 608 3330 man's
628 3287 795 3344 being3
831 3289 948 3332 both
972 3289 1171 3333 because
1196 3290 1301 3334 that
1323 3290 1443 3348 light
1468 3304 1558 3334 was
1587 3289 1814 3333 obscured
1840 3293 1889 3332 at
1914 3288 1995 3333 the
2026 3290 2111 3335 fall

274 3357 329 3401 of
348 3356 514 3409 Adam,
537 3357 630 3401 and
660 3358 876 3410 because,
895 3364 945 3403 to
967 3374 996 3403 a
1016 3362 1342 3417 supernatural
1363 3362 1469 3413 end,
1489 3360 1816 3418 supernatural
1843 3374 2003 3405 means
2028 3376 2109 3407 are

273 3442 531 3487 necessary.
609 3429 864 3474 Therefore
890 3431 928 3473 it
947 3431 1138 3487 pleased
1167 3432 1273 3475 God
1292 3436 1342 3475 to
1361 3432 1518 3476 reveal
1537 3431 1609 3476 his
1631 3431 1743 3474 Will
1771 3431 1821 3474 in
1841 3430 1913 3476 his
1933 3432 2079 3477 Word
2097 3451 2106 3479 :

272 3500 389 3544 both
409 3501 459 3543 in
483 3500 621 3544 order
641 3500 744 3545 that
773 3501 854 3545 the
885 3501 1041 3559 things
1068 3501 1122 3545 of
1146 3502 1268 3545 saith
1292 3502 1443 3546 which
1469 3507 1641 3546 cannot
1665 3502 1724 3546 be
1745 3502 1914 3546 known
1938 3503 2002 3562 by
2025 3505 2108 3550 the

272 3571 392 3629 light
418 3571 472 3616 of
490 3573 688 3624 Nature,
719 3587 826 3631 may
851 3573 911 3617 be
938 3573 1108 3617 known
1127 3573 1190 3631 by
1220 3574 1528 3626 Revelation3
1566 3574 1660 3618 and
1690 3574 1740 3617 in
1771 3575 1911 3618 order
1930 3574 2035 3619 that
2059 3578 2109 3622 in

272 3642 407 3687 those
420 3643 575 3701 things
590 3644 741 3688 which
756 3659 836 3688 are
851 3645 1021 3688 known
1035 3649 1085 3688 to
1102 3659 1155 3688 us
1175 3645 1237 3702 by
1252 3650 1433 3698 nature,
1447 3660 1514 3690 we
1531 3660 1638 3703 may
1657 3646 1718 3689 be
1733 3659 1864 3690 more
1878 3647 2110 3707 perfectly

272 3714 546 3759 instructed.
613 3716 685 3773 By
705 3716 984 3760 Revelation
1004 3730 1071 3760 we
1092 3717 1224 3761 learn
1244 3716 1348 3761 that
1369 3718 1518 3762 works
1539 3717 1690 3762 which
1710 3718 1893 3762 Nature
1920 3719 2109 3766 teaches

273 3799 327 3830 us
348 3799 429 3830 are
449 3790 500 3830 to
524 3786 584 3832 be
605 3787 728 3832 done
749 3802 798 3833 as
818 3788 960 3846 being
979 3788 1119 3846 right,
1146 3802 1226 3833 are
1251 3789 1348 3834 also
1370 3793 1419 3833 to
1445 3789 1504 3834 be
1534 3790 1655 3834 done
1682 3789 1807 3834 from
1834 3789 1915 3834 the
1942 3790 2109 3848 higher
