2482 4166
884 234 1113 279 PRAELE
1119 232 1265 278 OTIO
1309 233 1470 285 QUIN
1473 232 1569 278 TA.
2042 226 2068 276 ’.Ι
2082 228 2144 276 51

305 388 411 442 per
453 385 508 421 se
551 376 602 420 et
648 366 848 418 directe
885 364 946 416 in
976 362 1236 432 yenerali.
1319 359 1473 423 Quod
1510 365 1590 413 est
1630 358 1817 422 dicere,
1863 362 1980 414 Hoc
2006 382 2152 432 prae.

316 460 521 522 ceptum
556 448 820 518 yenerale,
877 451 937 498 ut
981 443 1174 498 subditi
1230 442 1589 514 obtemperent
1640 444 1842 511 Zeyibus
1897 445 2152 501 humanis

315 533 417 587 rite
459 529 762 592 constitutiS,
794 539 870 583 est
888 547 994 599 per
1021 546 1075 581 se
1116 537 1166 581 et
1204 528 1405 580 directe
1434 527 1834 595 obliyatorium.
1921 526 1985 578 Id
2015 528 2153 595 quod

316 615 426 686 ipse
455 613 609 667 etiam
646 613 951 673 ⁸Calvinus,
993 609 1082 681 qui
1123 628 1227 662 non
1265 608 1397 662 solet
1433 607 1670 661 humanis
1705 606 2154 662 constitutionibus

316 696 530 750 nimium
555 695 801 758 tribuere,
833 694 1095 767 agnoscit:
1139 692 1228 764 qui
1269 691 1345 745 ita
1382 690 1802 763 distinguendum
1838 709 1948 744 esse
1977 698 2155 745 monet

317 779 454 834 inter
478 798 645 849 yenus
675 789 724 833 et
761 779 1003 848 speciem,
1041 783 1101 830 ut
1119 775 1239 829 licet
1266 774 1562 847 negandum
1589 773 1656 828 sit
1687 775 1820 845 leyes
1842 776 1903 827 in
1927 776 2157 844 speciali

319 862 551 935 obligare
590 860 939 924 conscientiaS,
976 858 1358 913 concedendum
1400 864 1575 912 tamen
1612 856 1679 911 sit
1713 875 1801 910 eas
1835 857 2067 929 obligare
2096 859 2157 911 in

315 946 573 1016 yenerali.
659 943 816 996 Ratio
863 942 1165 1015 perspicua:
1224 941 1345 1013 quia
1389 941 1487 995 hoc
1522 951 1856 1012 proeceptum
1909 943 2158 1011 yenerale

317 1027 384 1081 ad
413 1027 577 1098 ipsam
606 1033 855 1080 aeternam
891 1025 1061 1098 legem
1099 1024 1324 1079 divinam
1352 1023 1612 1096 pertinet3
1653 1023 1797 1095 cujus
1832 1023 1995 1076 omnis
2034 1042 2158 1094 pars

319 1116 399 1164 est
417 1129 522 1180 per
550 1129 602 1164 se
628 1120 678 1163 et
706 1111 923 1175 directe,
954 1115 1008 1162 et
1034 1127 1137 1161 non
1166 1126 1232 1161 ex
1258 1107 1587 1178 consequenti
1615 1106 1793 1170 solum,
1826 1109 2158 1177 obliyatoria

320 1192 758 1247 conscientiarum.
845 1191 1085 1245 Pertinet
1129 1198 1302 1244 autem
1349 1191 1417 1244 ad
1463 1193 1712 1244 divinam
1762 1191 1922 1260 leyem
1970 1189 2160 1261 duplici

272 1281 295 1323 1
321 1275 540 1330 nomine.
628 1276 777 1338 Tum,
812 1273 933 1345 quia
960 1275 1256 1328 rationalis
1284 1276 1432 1327 ratio
1462 1273 1638 1336 dictat,
1669 1291 1773 1325 non
1801 1290 1949 1343 posse
1978 1291 2159 1343 pacem

323 1365 377 1412 et
434 1358 683 1421 ordinem,
743 1375 858 1428 quae
920 1356 1092 1410 anima
1163 1362 1244 1409 est
1313 1354 1836 1426 Rerumpublicarum
1889 1362 1943 1409 et
1994 1355 2159 1409 omnis

322 1442 560 1494 humanae
610 1439 881 1502 societatiS,
940 1437 1250 1501 conservari,
1301 1437 1401 1490 nisi
1460 1439 1662 1507 leyibus
1710 1437 1812 1490 rite
1870 1437 2160 1491 constitutis

269 1529 300 1572 2
323 1524 631 1578 obediatur:
673 1523 822 1585 Tum,
853 1520 974 1592 quia
1001 1520 1056 1573 in
1083 1539 1249 1575 sacra
1280 1521 1574 1590 Scriptura
1606 1520 1752 1572 Deus
1789 1519 2054 1590 praecepit,
2101 1526 2161 1573 ut

321 1606 418 1669 his,
465 1605 554 1676 qui
598 1604 747 1658 nobis
789 1604 845 1657 in
878 1621 939 1656 eo
984 1602 1163 1656 ordine
1203 1620 1355 1673 quem
1398 1603 1544 1654 Deus
1590 1601 1868 1673 praestituit
1908 1608 2158 1673 praesunt,

321 1687 681 1759 subjiciamur;
732 1693 792 1740 ut
849 1681 1239 1762 ὑπερεχούσαις
1292 1681 1557 1756 ἐξουσίαις
1601 1702 1890 1755 parcamUS‚
1950 1703 2045 1737 nec
2100 1684 2162 1738 iis

321 1771 635 1833 resistamuS,
674 1765 853 1841 thujus
887 1769 1067 1840 capitis
1103 1787 1237 1823 vers.
1281 1769 1309 1821 1
1344 1774 1397 1821 et
1435 1770 1468 1821 2
1514 1785 1608 1821 nec
1647 1786 1828 1821 eorum
1865 1767 1995 1840 jugo
2034 1767 2164 1823 colla

322 1861 502 1908 nostra
536 1853 893 1917 subducamuS‚
938 1870 1000 1905 eo
1046 1851 1237 1905 scilicet
1264 1857 1540 1921 praetextu,
1586 1851 1724 1921 quod
1750 1853 1887 1904 meri
1928 1853 2165 1904 homines

323 1936 441 2003 sint,
470 1943 524 1991 et
553 1947 832 1999 creaturae,
862 1935 994 1989 sicut
1023 1941 1077 1988 et
1116 1952 1225 1998 nos„
1269 1935 1475 1993 “κτι’σις
1520 1929 1849 2009 α’νθρωπίνη,
1894 1933 1984 1985 filii
2016 1933 2162 1997 Adae,

324 2020 569 2083 mortale;
609 2038 773 2093 genus
801 2019 983 2072 iisdem
1011 2017 1215 2070 omnino
1241 2017 1523 2079 affectibuS,
1565 2015 1994 2087 perpessionibuS,
2024 2014 2165 2068 infir-

325 2102 606 2165 mitatibus,
637 2103 852 2165 casibus,
884 2101 1067 2171 quibus
1115 2106 1169 2153 et
1209 2118 1303 2152 nos
1341 2098 1562 2152 obnoxii.
1654 2097 1793 2161 Quin
1835 2098 2007 2170 potius
2055 2117 2164 2152 me-

328 2203 515 2248 moreS,
559 2187 738 2238 Deum
775 2188 897 2255 Opt.
934 2185 1090 2236 Max.
1131 2200 1219 2235 eos
1267 2181 1415 2235 nobis
1458 2200 1573 2234 cum
1620 2181 1865 2253 delegata
1907 2188 2166 2253 potestate

329 2267 474 2321 velut
523 2287 644 2321 suos
688 2267 743 2320 in
789 2266 944 2320 terris
990 2266 1230 2319 vicarios
1267 2263 1578 2336 praefecisse,
1608 2262 1849 2335 ipsosque
1886 2271 2167 2335 propterea

328 2356 475 2404 tanto
504 2350 700 2403 honore
730 2350 1000 2422 dignatum
1029 2366 1155 2411 esse,
1200 2354 1259 2401 ut
1293 2347 1367 2400 eis
1396 2354 1450 2400 et
1475 2366 1662 2401 nomen
1689 2366 1844 2400 suum
1873 2348 2019 2416 quasi
2048 2347 2165 2400 visi-

329 2432 516 2486 bilibus
562 2439 615 2487 et
654 2432 955 2486 mortalibus
995 2430 1300 2501 quibusdam
1336 2432 1470 2483 Diis
1508 2429 1973 2494 communicaverit,
2014 2432 2171 2500 ΧΕρο

379 2624 394 2643 ⁵
411 2617 544 2655 Instit.
565 2616 653 2655 Lib.
671 2627 727 2655 1v.
750 2629 836 2666 cap.
858 2629 898 2656 x.
918 2618 1022 2655 Sect.
1041 2616 1081 2656 5.
1340 2622 1361 2640 ¹
1385 2616 1490 2653 Psal.
1515 2615 1651 2653 lxxxii.
1669 2614 1706 2655 6.
1744 2614 1866 2664 [conf.
1889 2614 2076 2656 Praelect.
2091 2625 2172 2656 v11.

383 2679 397 2705 t
420 2679 492 2727 [sc.
513 2679 632 2715 Rom.
650 2679 753 2728 xiii.]
1294 2678 1399 2715 Sect.
1419 2676 1500 2726 15.]

381 2745 400 2766 ¹¹
425 2742 446 2778 1
464 2740 554 2779 Pet.
571 2741 611 2778 ii.
631 2742 691 2780 13.

333 2866 388 2899 or
417 2854 467 2897 in
499 2854 635 2899 other
663 2855 828 2908 words,
860 2856 942 2900 the
972 2856 1169 2901 General
1188 2855 1320 2907 Rule,
1354 2854 1458 2899 that
1482 2854 1683 2913 subjects
1705 2853 1824 2899 shall
1853 2852 1974 2913 obey
1997 2853 2175 2899 human

332 2925 456 2978 laws,
479 2925 655 2984 rightly
680 2927 919 2980 ordained,
948 2928 986 2971 is
1008 2928 1062 2971 of
1076 2927 1208 2971 itself
1225 2926 1318 2969 and
1339 2927 1537 2985 directly
1561 2926 1836 2983 obligatory.

429 2997 561 3040 Even
584 2997 761 3049 Oalvin,
782 2998 901 3050 who,
920 2999 996 3042 for
1016 2998 1097 3042 the
1118 3003 1240 3042 most
1265 3002 1386 3055 part,
1411 2998 1568 3042 allows
1584 2998 1707 3041 little
1732 2995 1903 3053 weight
1927 2999 1976 3039 to
1997 2995 2175 3040 human

334 3066 460 3124 laws,
474 3068 825 3125 acknowledges
839 3069 945 3113 this.
980 3070 1038 3114 In
1057 3069 1130 3113 his
1145 3070 1387 3120 Institutes,
1400 3068 1461 3112 he
1474 3068 1662 3113 teaches
1683 3068 1787 3111 that
1807 3066 1987 3123 though
2007 3067 2180 3124 special

336 3135 446 3179 laws
474 3137 535 3180 do
555 3142 641 3181 not
660 3138 774 3181 bind
808 3139 890 3183 the
911 3141 1197 3192 conscience,
1219 3144 1300 3197 yet
1324 3140 1428 3182 that
1447 3140 1557 3183 laws
1582 3140 1632 3181 in
1650 3138 1842 3197 general
1866 3137 1926 3180 do
1946 3150 2013 3180 so.
2078 3138 2180 3183 The

338 3219 506 3250 reason
539 3207 579 3250 is
619 3208 821 3260 evident,
854 3209 959 3252 that
994 3209 1076 3253 the
1101 3210 1248 3253 above
1274 3211 1456 3266 yeneral
1482 3211 1580 3253 rule
1603 3210 1642 3253 is
1681 3213 1788 3267 part
1825 3208 1879 3251 of
1909 3207 1992 3251 the
2024 3207 2180 3255 divine

338 3276 450 3319 law:
484 3276 577 3319 and
614 3277 732 3329 that,
764 3278 814 3320 in
855 3283 947 3322 two
982 3293 1130 3337 ways:
1160 3282 1281 3338 first,
1309 3280 1509 3324 because
1541 3280 1727 3323 natural
1753 3292 1920 3322 reason
1944 3278 2092 3323 shews
2124 3294 2179 3325 us

327 3346 443 3391 that
463 3361 531 3390 we
558 3352 729 3391 cannot
759 3347 879 3392 have
898 3362 1043 3405 peace
1075 3350 1169 3392 and
1199 3349 1339 3393 order
1374 3351 1425 3393 in
1453 3350 1631 3393 human
1660 3350 1836 3407 society
1866 3353 2033 3407 except
2069 3350 2181 3396 laws

338 3416 399 3462 be
440 3418 618 3475 obeyed
634 3434 646 3471 3
677 3418 770 3461 and
805 3420 1021 3477 secomdly,
1054 3419 1254 3464 because
1292 3421 1535 3477 Scripture
1558 3420 1747 3464 teaches
1781 3433 1836 3463 us
1868 3423 1919 3463 to
1952 3420 2074 3479 obey
2096 3422 2179 3467 the

338 3502 517 3547 powers
548 3489 654 3533 that
683 3489 757 3541 be,
779 3492 872 3547 sor
902 3490 1154 3534 conscience’
1182 3490 1297 3541 sake,
1331 3504 1381 3534 as
1408 3490 1465 3534 St
1489 3490 1611 3533 Paul
1635 3504 1738 3549 says
1757 3489 1917 3545 (Rom.
1945 3505 2018 3536 xv.
2045 3496 2087 3546 1,
2113 3491 2178 3548 2),

340 3560 432 3603 and
441 3562 532 3616 for
552 3562 619 3604 the
637 3560 803 3605 Lord's
826 3561 941 3613 sake,
966 3575 1016 3605 as
1044 3562 1099 3605 St
1119 3562 1276 3613 Peter,
1299 3565 1322 3604 1
1350 3562 1455 3605 Pet.
1485 3561 1532 3605 ii.
1560 3565 1630 3606 13.

435 3630 523 3675 We
544 3645 624 3676 are
645 3636 728 3677 not
752 3636 803 3677 to
823 3633 980 3677 refuse
1002 3632 1255 3677 obedience
1277 3645 1339 3676 on
1362 3631 1444 3676 the
1475 3636 1660 3690 pretext
1683 3632 1787 3678 that
1806 3631 1889 3678 the
1921 3634 2070 3679 rulers
2101 3648 2182 3681 are

340 3715 469 3746 mere
489 3703 713 3819 ΠιεὲῐέΙΠΞθ
732 3704 982 3760 oursclveS,
1000 3704 1088 3750 but
1108 3708 1158 3750 to
1178 3703 1399 3750 recollect
1432 3703 1536 3750 that
1570 3704 1682 3767 they
1706 3704 1808 3751 rule
1841 3705 1904 3767 by
1938 3705 2020 3752 the
2055 3707 2182 3754 ordi-

341 3787 490 3819 nance
512 3787 538 3819 o
628 3787 653 3819 o
692 3808 703 3820 .
