2482 4166
730 232 1113 278 PRAELECTIO
1157 231 1470 277 SECUNDA.
1950 223 2016 273 55

183 365 506 421 cnecessario
534 362 601 416 sit
628 361 959 433 peccandum.
1047 357 1193 412 Adeo
1222 363 1282 411 ut
1310 357 1419 429 ipse
1449 355 1545 410 sibi
1574 356 1907 420 contradicat,
1952 356 2018 410 si-

182 449 295 521 quis
328 446 519 500 dixerit
560 464 614 498 se
642 463 786 497 mera
822 444 1132 497 necessitate
1168 447 1397 494 coactum
1418 457 1670 510 peccasse
1690 459 1706 491 .·
1750 457 1853 491 non
1883 439 2018 492 enim

180 537 419 603 peccatur
448 528 546 581 nisi
573 529 861 589 voluntate,
906 533 960 579 et
989 525 1226 578 voluntas
1251 523 1325 576 ita
1360 523 1525 576 libera
1554 529 1632 576 est
1667 528 1726 574 ut
1756 523 1874 591 coyi
1916 540 2020 573 non

180 612 352 686 possit.
442 612 494 663 N
497 630 553 664 ec
595 611 697 663 alia
734 611 990 687 G'reyorii
1033 626 1176 660 mens
1214 606 1343 659 fuit:
1386 606 1482 659 etsi
1511 606 1672 658 verba
1713 604 1886 675 ipsiuS,
1931 602 2020 656 illa

180 693 484 767 praesertim,
532 696 584 747 si
625 695 806 746 nullus
847 695 961 746 sine
1001 701 1226 762 peccato
1270 691 1534 742 evadendi
1576 691 1764 741 aditus
1803 696 2018 758 pateat,

174 781 284 850 jam
326 777 475 831 dictis
512 794 806 848 repugnare
848 774 1015 846 prima
1052 774 1224 826 fronte
1254 771 1544 826 videantur.
1626 772 1745 823 Non
1772 770 1908 822 enim
1947 769 2021 821 lo-

182 861 356 931 quitur
400 860 465 913 de
493 861 697 913 duobus
724 857 1015 929 propositis,
1060 875 1279 927 quorum
1321 866 1605 925 utrumque
1634 860 1775 906 certo
1819 858 2021 905 constat

182 962 292 997 esse
306 954 606 1014 peccatum,
651 959 754 1011 qua
782 942 847 994 de
875 959 934 993 re
962 958 1097 993 nunc
1130 939 1336 1011 agitur:
1380 938 1472 991 sed
1499 938 1564 990 de
1604 938 1818 990 duabus
1846 937 2018 997 rebus,

182 1045 401 1098 quarum
440 1045 554 1079 cum
583 1025 801 1078 alteram
845 1023 1039 1094 liquido
1082 1029 1281 1075 constet
1323 1039 1434 1074 esse
1472 1027 1756 1091 peccatum,
1801 1019 2020 1072 alteram

183 1128 342 1182 agens
370 1116 461 1163 aut
490 1127 554 1162 ex
583 1108 753 1178 aliquo
780 1108 1113 1161 conscientice
1138 1124 1316 1159 errore
1340 1104 1468 1156 falso
1496 1103 1736 1173 opinatur
1766 1120 1877 1154 esse
1905 1118 2022 1171 pec-

184 1201 353 1246 catum
396 1211 511 1245 cum
539 1210 643 1244 non
681 1191 763 1254 sit,
809 1197 900 1243 aut
934 1208 999 1243 ex
1042 1189 1212 1259 aliquo
1248 1187 1436 1257 injecto
1480 1187 1733 1255 scrupulo
1763 1184 1847 1237 vel
1889 1184 2022 1236 laeva

184 1278 484 1346 suspicione
525 1282 735 1328 veretur
773 1293 838 1326 ne
880 1273 1015 1326 forte
1058 1272 1124 1325 sit
1155 1281 1442 1341 peccatum
1458 1289 1478 1331 ;
1523 1269 1611 1339 qui
1638 1285 1784 1321 casus
1826 1266 2024 1320 alienus

185 1366 263 1412 est
288 1377 321 1411 a
348 1357 591 1429 praesenti
618 1357 870 1410 institutO.

306 1442 511 1496 XVIII.
601 1440 657 1493 Si
686 1457 904 1509 quaeras,
950 1437 1193 1490 Liceatne
1231 1437 1363 1490 Caio
1392 1433 1559 1486 minus
1591 1441 1856 1503 peccatum
1885 1433 1940 1485 in
1969 1451 2024 1486 se

185 1523 476 1584 admittere,
520 1529 579 1575 ut
607 1521 772 1591 majus
800 1527 1081 1591 peccatum,
1127 1518 1265 1587 quod
1308 1519 1492 1570 Titius
1529 1516 1655 1568 alias
1681 1516 1911 1569 facturus
1941 1516 2023 1584 sit,

184 1605 463 1676 impediat:
496 1611 641 1674 puta,
672 1604 890 1655 liceatne
923 1604 1028 1655 leve
1040 1603 1266 1670 furtum
1293 1599 1481 1661 facere,
1506 1616 1572 1651 ne
1601 1597 1645 1651 is
1674 1600 2027 1653 homicidium

184 1694 546 1759 perpetraret:
597 1688 741 1739 Dico
780 1695 992 1755 quarto,
1039 1701 1153 1735 cum
1198 1684 1509 1751 Auyustino,
1555 1700 1657 1734 non
1701 1681 1873 1736 licere.
1963 1685 2029 1736 Si

186 1781 481 1841 quaeratur,
507 1763 705 1838 dinquit
726 1768 827 1831 ille,
854 1769 989 1837 quid
1016 1769 1247 1818 duorum
1257 1768 1447 1836 potius
1476 1767 1659 1818 debuit
1682 1768 1899 1828 evitare,
1933 1767 2029 1836 qui

186 1865 468 1923 utrumque
489 1872 593 1905 non
613 1854 813 1923 potuit,
844 1853 936 1904 sed
961 1851 1286 1902 alterutrum
1304 1850 1516 1918 potuit:
1545 1851 1848 1918 respondeo,
1872 1869 2029 1902 suum

178 1946 463 2007 peccatum
482 1938 672 2005 potius
702 1953 865 2004 quam
892 1935 1165 1992 alienum;
1199 1943 1248 1985 et
1279 1933 1446 1984 levius
1466 1934 1654 2000 potius
1684 1934 1826 2001 quod
1854 1952 2026 1994 suum,

187 2038 351 2089 quam
378 2021 607 2088 yravius
645 2020 787 2087 quod
830 2018 1084 2068 alienum.
1170 2014 1325 2066 Ratio
1365 2013 1419 2065 in
1462 2021 1706 2084 promptu
1750 2021 1861 2067 est:
1907 2014 2029 2084 quia,

187 2101 427 2153 nimirum
456 2101 509 2153 in
538 2119 653 2152 mea
681 2106 937 2170 potestate
967 2105 1045 2150 est
1072 2115 1138 2148 ne
1166 2100 1281 2166 ipse
1301 2115 1512 2165 peccem
1519 2115 1538 2156 ;
1569 2115 1636 2148 ne
1663 2098 1810 2150 alius
1831 2108 2027 2169 peccet,

188 2203 293 2236 non
322 2190 401 2236 est
435 2183 489 2235 in
526 2202 643 2235 mea
676 2187 949 2252 potestate.
1041 2180 1125 2232 Sic
1169 2179 1303 2231 enim
1336 2179 1510 2250 pergit
1546 2179 1647 2242 ille,
1694 2200 1785 2249 eqo
1823 2192 2030 2233 utrum-

190 2284 289 2335 que
313 2267 519 2317 malum
536 2267 665 2333 fieri
692 2266 883 2316 nollem
891 2283 910 2324 ;
938 2264 1030 2316 sed
1051 2265 1113 2315 id
1143 2273 1354 2315 tantum
1381 2281 1566 2316 cavere
1585 2266 1748 2332 potui
1776 2282 1840 2316 ne
1861 2266 2027 2328 fieret,

191 2350 333 2418 quod
375 2359 494 2401 erat
544 2351 604 2400 in
646 2366 766 2400 mea
800 2356 1081 2416 potestate.
1171 2346 1244 2397 At
1283 2344 1493 2417 gravius
1543 2352 1621 2397 est
1660 2348 2028 2409 homicidium,

192 2449 346 2499 quam
367 2433 606 2499 ficrtum.
696 2431 917 2483 Fatetur
957 2428 1010 2481 id
1039 2429 1391 2497 Auyustinus,
1433 2434 1487 2480 et
1527 2430 1824 2498 respondet,
1864 2430 2037 2498 Pejus

192 2523 268 2566 est
312 2524 488 2566 tamen
516 2516 711 2583 facere
742 2514 982 2581 furtum,
1040 2530 1204 2581 quam
1233 2513 1366 2579 pati
1408 2512 1773 2565 homicidium.
1862 2512 1935 2564 Et
1979 2512 2033 2563 in

191 2596 407 2649 eandem
443 2596 750 2649 sententiam
790 2594 930 2657 alibi,
979 2595 1388 2659 Quantumlibet
1426 2595 1588 2646 distet
1625 2597 1765 2647 inter
1795 2605 1946 2646 tuum
1982 2605 2031 2648 et

237 2786 255 2806 e
280 2780 444 2827 οὐδεμία
461 2778 619 2827 ἀνάγκη
636 2779 695 2816 τοὶ
713 2779 902 2828 μοχθηροὶ
925 2779 1064 2828 πράτ-
1106 2778 1109 2825 ῐ
1148 2780 1356 2817 necessitas
1382 2791 1458 2815 non
1482 2778 1744 2828 delinquendi.
1789 2779 1957 2818 Tertull.
1983 2781 2033 2817 de

189 2857 290 2880 τειν.
318 2842 600 2880 Aristot.Eth.
612 2843 779 2880 Eudem.
792 2844 833 2881 ii.
849 2845 909 2882 11.
933 2842 1065 2880 Nulla
1106 2841 1115 2885 i*
1150 2843 1302 2881 Coron.
1322 2842 1442 2879 Milit.
1462 2853 1496 2879 e.
1515 2842 1568 2880 xi.

190 2909 245 2942 est
260 2904 466 2942 necessitas
483 2904 743 2953 delinquendi,
761 2906 901 2954 quibus
912 2917 993 2942 una
1010 2909 1065 2943 est
1106 2887 1108 2904 ’
1196 2904 1216 2931 11
1236 2904 1303 2953 [de
1312 2904 1523 2941 Mendacio
1536 2905 1962 2953 c.14,T0m.VI.p.428.
1974 2905 2031 2952 c.]

189 3019 271 3063 the
300 3020 395 3063 will
420 3020 480 3064 do
500 3025 583 3065 not
601 3021 703 3078 Join
733 3022 783 3064 in
803 3021 885 3066 the
911 3026 1000 3074 act,
1027 3022 1063 3065 it
1089 3022 1128 3066 is
1149 3025 1232 3065 not
1257 3035 1285 3065 a
1310 3022 1409 3074 sin3
1448 3021 1542 3064 and
1563 3021 1645 3065 the
1664 3021 1759 3064 will
1777 3025 1949 3064 cannot
1973 3021 2033 3064 be

191 3091 465 3148 compelled.

282 3162 492 3219 Gregory
512 3162 623 3206 does
647 3168 731 3207 not
762 3164 906 3222 speak
936 3163 991 3208 of
1014 3167 1106 3207 two
1137 3168 1250 3217 acts,
1272 3163 1390 3208 both
1416 3164 1642 3222 certainly
1667 3163 1835 3215 sinfu13
1871 3163 1958 3207 but
1988 3162 2043 3207 of

193 3236 284 3275 two
310 3237 422 3285 acts,
444 3246 533 3275 one
559 3235 785 3291 certainly
805 3249 834 3277 a
854 3236 938 3287 sin,
962 3235 1045 3279 the
1070 3234 1206 3279 other
1231 3236 1429 3279 deemed
1453 3240 1503 3279 to
1528 3236 1588 3279 be
1614 3249 1665 3280 so
1697 3236 1761 3293 by
1790 3234 1872 3278 the
1896 3239 2036 3291 agent

193 3302 398 3360 through
418 3316 548 3346 error
569 3303 623 3346 of
644 3305 926 3357 conscience,
946 3306 1141 3364 scruple,
1163 3320 1217 3350 or
1236 3307 1483 3364 suspicIOn.

284 3378 353 3417 18.
415 3375 616 3417 Fourth:
662 3375 708 3418 It
731 3376 770 3419 is
795 3376 1025 3433 inquired,
1053 3376 1262 3421 whether
1287 3378 1324 3421 it
1359 3378 1397 3421 is
1430 3376 1671 3420 allowable
1704 3376 1781 3420 for
1813 3377 1950 3422 Caius
1986 3382 2037 3422 to

194 3446 385 3489 commit
420 3460 448 3488 a
479 3446 668 3490 smaller
699 3447 771 3490 sin
800 3451 851 3490 to
883 3451 1079 3504 prevent
1113 3448 1262 3491 Titius
1291 3448 1415 3491 from
1446 3448 1739 3505 committing
1771 3462 1800 3491 a
1828 3454 2037 3506 greater:

193 3516 402 3561 whether
420 3516 481 3561 he
501 3531 609 3577 may
634 3518 825 3563 commit
850 3532 879 3561 a
899 3518 1034 3562 small
1058 3518 1183 3562 theft
1207 3519 1312 3562 that
1341 3519 1423 3563 the
1450 3519 1588 3563 other
1611 3533 1720 3578 may
1739 3524 1824 3564 not
1849 3522 2042 3565 commit

193 3588 397 3633 murder.

284 3660 309 3703 I
333 3674 524 3713 answer,
544 3661 656 3705 with
676 3661 949 3719 Augustine,
973 3661 1034 3705 he
1065 3676 1173 3720 may
1197 3666 1303 3706 not:
1345 3661 1405 3706 he
1438 3666 1563 3706 must
1589 3663 1726 3706 avoid
1749 3663 1821 3707 his
1847 3677 1950 3708 own
1970 3665 2044 3709 sin

195 3730 356 3775 rather
376 3731 490 3775 than
511 3733 756 3777 another's.
812 3733 913 3777 The
934 3747 1100 3777 reason
1118 3734 1170 3786 is,
1192 3733 1295 3777 that
1315 3733 1523 3778 whether
1543 3735 1568 3777 Ι
1587 3734 1706 3778 shall
1730 3735 1815 3789 sin,
1836 3736 1875 3781 is
1895 3737 1943 3780 in
1964 3751 2045 3796 my

198 3815 301 3845 own
324 3817 505 3860 power3
544 3804 751 3848 whether
775 3805 973 3849 another
997 3805 1114 3849 shall
1139 3805 1224 3855 sin,
1246 3805 1283 3849 is
1305 3810 1388 3849 not
1410 3820 1477 3850 so,
