2482 4166
428 243 498 293 28
812 249 898 292 DE
939 249 1360 295 DEFINITIONE
1404 250 1865 296 OONSCIENTIAE.

428 398 493 432 ex
536 379 806 433 antedictis
844 379 969 433 satis
1008 386 1224 445 constat,
1278 379 1426 433 multi
1464 387 1584 434 sunt
1612 382 1782 434 Actus
1815 382 2159 435 Conscientiae
2201 379 2255 432 in

428 462 635 533 specie:
680 463 771 515 sed
807 462 1039 532 quisnam
1083 463 1148 515 sit
1191 462 1275 515 1116
1312 473 1466 516 actus
1495 465 1966 524 communissimus,
2007 463 2095 532 qui
2136 462 2255 514 reli-

428 563 557 615 quos
586 563 761 597 omnes
789 545 926 597 infra
950 545 1198 597 ambitum
1240 563 1385 596 suum
1415 544 1799 614 complectatur,
1846 544 1900 597 id
1935 545 2254 615 potissimum

427 627 787 697 inquirendum
812 634 890 679 est
911 647 924 689 3
965 627 1085 696 quia
1105 645 1209 678 non
1228 626 1383 678 debet
1403 626 1608 697 ingredi
1630 626 1974 678 definitionem
1992 629 2251 688 Habitu&

428 709 525 762 nisi
553 710 729 762 unicus
763 709 849 762 ille
878 711 1189 779 primarius
1217 709 1400 771 Actus,
1448 708 1536 777 qui
1564 714 1642 760 est
1668 710 1911 760 Habitui
1937 709 2251 778 adaequatUS,

425 799 484 845 et
528 793 596 844 ad
642 811 795 862 quem
840 791 997 844 ceteri
1042 791 1152 861 ejus
1197 792 1363 843 Actus
1409 789 1634 844 universi
1683 791 2012 843 reducantur·
2098 792 2253 843 Hunc

427 875 674 937 nonnulli,
695 894 809 927 cum
834 874 1071 927 viderent
1096 873 1368 944 plerosque
1400 873 1603 925 illorum
1633 883 1866 935 actuum,
1895 890 2022 942 quos
2047 880 2254 925 exercet

432 959 791 1019 Conscientia,
822 957 888 1009 ad
930 963 1101 1008 actum
1130 957 1429 1023 judicandi
1466 956 1635 1025 aliquo
1669 956 1821 1008 modo
1860 955 2046 1008 referri
2087 973 2251 1025 posse,

429 1040 679 1107 (judicat
707 1039 843 1091 enim
879 1039 1217 1092 Conscientia
1246 1038 1310 1089 de
1338 1037 1486 1090 factis
1514 1038 1867 1107 praesentibuS,
1899 1037 2174 1108 praeteritis
2201 1044 2254 1089 et

428 1120 635 1189 futuris)
675 1126 983 1172 censuerunt
1024 1138 1135 1172 esse
1165 1121 1359 1172 Actum
1396 1122 1723 1173 Judicandi.
1812 1121 1917 1173 Sed
1959 1120 2093 1172 enim
2136 1127 2255 1172 sunt

427 1201 586 1272 aliqui
623 1203 968 1255 Conscientiae
995 1204 1183 1263 Actus,
1232 1201 1319 1270 qui
1357 1220 1460 1253 non
1497 1201 1595 1253 nisi
1633 1203 1762 1255 dure
1789 1202 2064 1255 admodum
2093 1209 2147 1254 et
2174 1220 2255 1254 co-

425 1292 542 1337 acte
586 1302 646 1336 eo
688 1284 875 1336 referri
916 1301 1065 1353 posse
1106 1283 1379 1346 videntum
1423 1290 1481 1335 ut
1520 1284 1740 1354 exempli
1774 1283 1960 1355 gratia,
1998 1290 2142 1336 actus
2170 1282 2256 1336 ille

429 1385 529 1437 quo
568 1369 904 1421 Conscientia
944 1365 1022 1418 rei
1063 1365 1214 1418 factae
1256 1365 1339 1418 vel
1381 1365 1577 1418 omissae
1618 1368 1973 1419 testimonium
2009 1372 2255 1436 praestat:

428 1468 531 1501 non
561 1457 640 1502 est
668 1449 818 1511 enim,
845 1455 936 1501 aut
961 1450 1179 1501 Judicis
1222 1447 1286 1500 de
1329 1447 1463 1500 facto
1493 1451 1697 1510 testari,
1729 1455 1821 1501 aut
1862 1451 2036 1502 Testis
2066 1449 2130 1501 de
2160 1448 2256 1501 cri-

429 1531 565 1584 mine
581 1533 852 1599 judicare.
943 1530 1080 1594 Quid
1123 1529 1260 1599 quod
1302 1529 1400 1582 iste
1429 1531 1729 1599 judicandi
1762 1537 1906 1583 actus
1933 1533 2256 1600 applicandi

428 1621 597 1667 actum
640 1613 923 1666 necessario
967 1611 1220 1682 supponit,
1265 1619 1324 1665 ut
1367 1631 1422 1664 se
1464 1612 1805 1665 anteriorem:
1850 1615 2086 1682 applicet
2119 1613 2253 1665 enim

428 1697 572 1766 prius
614 1715 819 1749 necesse
851 1702 930 1748 est
970 1697 1307 1749 Conscientia
1338 1697 1575 1764 factum,
1614 1695 1678 1747 de
1718 1713 1818 1764 quo
1854 1693 2139 1765 judicatum
2169 1695 2251 1757 sit,

427 1781 624 1832 lumini
652 1779 851 1841 mentiS,
876 1796 1028 1848 quam
1053 1777 1214 1848 possit
1250 1777 1314 1829 de
1351 1777 1460 1847 ipso
1492 1778 1767 1845 judicium
1793 1777 1979 1830 facere.
2066 1778 2138 1830 Et
2176 1784 2254 1830 est

428 1864 751 1931 applicandi
785 1872 940 1914 actus
984 1859 1031 1912 ei
1071 1877 1225 1929 quam
1253 1859 1362 1930 jam
1392 1859 1612 1912 diximus
1641 1859 1779 1912 vocis
1820 1859 2070 1912 notationi
2101 1859 2252 1912 valde

427 1951 813 2005 consentaneUS,
848 1944 1245 1998 Conscientiam
1277 1960 1343 1994 sc.
1374 1941 1490 1994 ideo
1529 1942 1734 2005 dictam,
1766 1942 1903 2012 quod
1932 1942 1998 1995 sit
2027 1941 2251 1995 scientiae

427 2027 496 2079 ad
526 2026 791 2079 scientiam
821 2027 1136 2095 applicatia

546 2111 717 2163 XXV.
804 2109 935 2160 Dico
963 2109 1189 2161 secundo
1207 2127 1227 2168 ;
1256 2108 1407 2160 Hanc
1436 2107 1829 2178 applicationem
1859 2126 1970 2161 esse
1992 2109 2249 2161 Luminis

426 2195 568 2262 quod
610 2203 684 2245 est
722 2194 783 2244 in
827 2201 1029 2251 mente;
1073 2190 1170 2241 hoc
1199 2196 1295 2253 est,
1326 2192 1596 2251 Luminis,
1641 2208 1735 2260 pro
1779 2209 1839 2242 eo
1882 2197 2114 2260 tempore
2148 2208 2249 2260 quo

424 2276 483 2328 fit
503 2274 792 2345 applicatiO,
818 2276 981 2327 menti
1000 2274 1301 2341 praesentis.
1361 2272 1482 2325 Sive
1510 2272 1575 2325 sit
1600 2271 1726 2324 illud
1748 2275 1957 2326 Lumen
1978 2275 2249 2333 Naturae;
2278 2285 2299 2325 1

425 2375 714 2409 communes
750 2375 817 2410 sc.
849 2358 1108 2408 Notiones
1147 2362 1200 2407 et
1241 2353 1401 2424 ipsius
1442 2356 1659 2408 Naturae
1699 2355 1971 2407 dictamine
2014 2354 2252 2407 cordibus

423 2439 660 2492 humanis
699 2439 975 2509 inscriptae,
1029 2444 1081 2489 et
1127 2436 1181 2488 in
1229 2440 1506 2506 Synteresi
1550 2444 1884 2499 conservatae,
1936 2438 2079 2490 velut
2131 2439 2251 2489 titio

424 2533 632 2591 ereptus
678 2540 707 2573 e
747 2520 999 2573 communi
1046 2518 1295 2581 incendic,
1338 2527 1391 2571 et
1427 2521 1671 2588 reliquice
1699 2521 1961 2588 imayinis
1997 2522 2110 2572 Dei
2137 2526 2252 2590 post

423 2603 653 2673 lapsum:
698 2603 805 2655 sive
834 2604 1039 2654 Lumen
1067 2603 1266 2652 divinoe
1294 2603 1650 2663 revelationis,
1683 2601 2125 2663 extraordinariae,
2157 2619 2250 2670 per
2273 2614 2302 2654 2

423 2787 617 2838 science‚
643 2786 728 2829 but
748 2799 816 2829 we
835 2784 953 2829 have
979 2791 1029 2830 to
1062 2788 1274 2831 examine
1299 2787 1422 2830 what
1442 2787 1554 2843 they
1579 2786 1698 2830 have
1722 2787 1772 2829 in
1793 2800 2032 2831 common:
2064 2788 2138 2832 for
2157 2788 2249 2833 this

423 2858 461 2900 is
483 2858 564 2901 the
587 2857 677 2900 Act
697 2856 847 2900 which
872 2857 1039 2901 should
1064 2863 1196 2902 enter
1220 2858 1302 2901 the
1327 2858 1597 2902 Definition.

514 2929 655 2972 Some
686 2928 803 2971 have
830 2928 940 2972 held
975 2929 1079 2972 that
1112 2929 1194 2973 the
1229 2929 1571 2973 characteristic
1603 2928 1693 2972 Act
1725 2929 1779 2972 of
1815 2929 2098 2974 Conscience
2125 2930 2163 2974 is
2199 2935 2249 2974 to

413 3001 576 3058 judee.-
614 2999 688 3043 for
720 3000 999 3044 Conscience
1018 3000 1186 3058 judges
1217 3001 1272 3044 of
1301 3000 1412 3044 Acts
1442 3005 1561 3058 past,
1581 3004 1769 3058 present
1799 3000 1893 3043 and
1921 3000 2092 3045 future.
2155 3001 2251 3045 But

421 3071 555 3114 there
575 3085 655 3115 are
676 3084 802 3115 some
822 3069 933 3115 Acts
955 3071 1009 3114 of
1034 3072 1312 3115 Conscience
1339 3071 1489 3114 which
1523 3076 1696 3115 cannot
1724 3071 1867 3129 easily
1890 3071 1950 3115 be
1972 3072 2181 3115 referred
2199 3076 2249 3115 to

415 3142 612 3199 judging
624 3158 636 3194 3
667 3156 717 3186 as
736 3142 811 3185 for
833 3142 1041 3187 instance
1063 3142 1143 3187 the
1162 3148 1237 3186 act
1258 3143 1311 3186 of
1325 3143 1517 3200 bearing
1535 3144 1744 3193 witness3
1768 3142 1845 3185 for
1864 3142 1944 3186 the
1965 3143 1996 3186 J
1997 3143 2118 3200 udge
2139 3142 2249 3187 does

421 3218 505 3257 not
535 3214 647 3257 bear
683 3214 888 3265 witness3
919 3227 1006 3257 nor
1038 3214 1148 3257 does
1178 3213 1260 3257 the
1290 3214 1492 3257 Witness
1523 3226 1792 3271 pronounce
1820 3213 2082 3270 judgment.
2143 3213 2249 3257 And

421 3286 470 3327 in
504 3285 650 3337 truth,
680 3285 761 3329 the
798 3289 873 3328 act
908 3285 961 3328 of
987 3285 1184 3342 judging
1222 3298 1528 3343 presupposes
1564 3284 1646 3328 the
1681 3289 1758 3327 act
1796 3284 1850 3327 of
1885 3284 2129 3342 applying:
2174 3284 2251 3328 for

423 3356 705 3400 Conscience
740 3360 864 3399 must
894 3357 1035 3413 apply
1061 3356 1142 3399 the
1177 3356 1274 3399 fact
1307 3360 1356 3399 to
1382 3356 1464 3399 the
1485 3355 1604 3413 light
1635 3355 1689 3399 of
1718 3355 1799 3399 the
1823 3355 1952 3398 mind
1973 3356 2023 3397 in
2043 3355 2180 3399 order
2199 3359 2249 3397 to

415 3427 575 3483 judge.
628 3427 735 3471 And
759 3427 882 3479 thus,
903 3441 951 3470 as
973 3427 1162 3484 already
1181 3427 1293 3478 said,
1317 3428 1597 3471 Conscience
1618 3428 1656 3469 is
1677 3426 1757 3469 the
1778 3425 2075 3483 Application
2095 3424 2149 3467 of
2164 3438 2250 3468 our

419 3497 704 3555 knowledge.
769 3499 881 3542 This
906 3498 1176 3542 establishes
1198 3494 1294 3552 (K)
1320 3499 1369 3541 in
1389 3512 1475 3541 our
1493 3498 1764 3541 Definition.

515 3573 583 3610 25.
642 3570 700 3611 In
734 3569 815 3612 the
848 3570 1017 3613 second
1054 3570 1202 3627 place,
1233 3569 1325 3613 this
1360 3569 1644 3626 application
1675 3566 1851 3623 applies
1891 3563 1976 3618 (L)
2010 3566 2076 3608 the
2113 3565 2248 3621 Liqht

423 3639 562 3680 which
586 3640 623 3681 is
646 3640 695 3681 in
720 3641 786 3682 the
805 3641 933 3683 mind
945 3657 958 3682 .·
989 3640 1093 3683 that
1113 3641 1151 3684 is
1172 3640 1252 3683 the
1274 3640 1415 3696 Light
1434 3638 1584 3682 which
1603 3639 1641 3681 is
1665 3640 1854 3693 present
1877 3640 1927 3679 to
1947 3636 2028 3679 the
2049 3636 2178 3678 mind
2199 3640 2248 3679 at

423 3708 505 3752 the
530 3708 642 3751 time
666 3709 801 3752 when
820 3711 900 3753 the
921 3712 1203 3768 application
1224 3712 1262 3754 is
1282 3711 1432 3754 made.
1490 3707 1716 3752 Whether
1733 3708 1770 3750 it
1788 3706 1849 3750 be
2204 3698 2206 3700 ’

521 3779 607 3822 The
630 3779 766 3834 Liyht
786 3782 844 3834 of
858 3782 1060 3823 Nature.-
1092 3782 1173 3825 the
1194 3795 1409 3825 common
1434 3780 1618 3823 notions
1642 3777 1873 3821 inscribed
1899 3790 1959 3820 on
1981 3791 2066 3820 our
2090 3776 2247 3820 hearts
