<?xml version="1.0" encoding="UTF-8"?>
<!DOCTYPE html PUBLIC "-//W3C//DTD XHTML 1.0 Transitional//EN"
    "http://www.w3.org/TR/xhtml1/DTD/xhtml1-transitional.dtd">
<html xmlns="http://www.w3.org/1999/xhtml" xml:lang="en" lang="en">
 <head>
  <title>
</title>
<meta http-equiv="Content-Type" content="text/html;charset=utf-8" />
  <meta name='ocr-system' content='tesseract 3.04.00' />
  <meta name='ocr-capabilities' content='ocr_page ocr_carea ocr_par ocr_line ocrx_word'/>
</head>
<body>
  <div class='ocr_page' id='page_1' title='image "./deobligationecon00sanduoft_0031.png"; bbox 0 0 2482 4166; ppageno 0'>
   <div class='ocr_carea' id='block_1_1' title="bbox 857 271 2103 326">
    <p class='ocr_par' dir='ltr' id='par_1_1' title="bbox 857 271 2103 326">
     <span class='ocr_line' id='line_1_1' title="bbox 857 271 2103 326; baseline 0.003 -4"><span class='ocrx_word' id='word_1_1' title='bbox 857 277 1240 322; x_wconf 77' lang='lat' dir='ltr'>PRAELEo&#39;rm</span> <span class='ocrx_word' id='word_1_2' title='bbox 1281 277 1502 322; x_wconf 83' lang='lat' dir='ltr'><strong>PRIMA.</strong></span> <span class='ocrx_word' id='word_1_3' title='bbox 2069 271 2103 326; x_wconf 90' lang='grc'>7</span> 
     </span>
    </p>
   </div>
   <div class='ocr_carea' id='block_1_2' title="bbox 264 395 2103 482">
    <p class='ocr_par' dir='ltr' id='par_1_2' title="bbox 264 395 2103 482">
     <span class='ocr_line' id='line_1_2' title="bbox 264 395 2103 482; baseline -0.002 -20"><span class='ocrx_word' id='word_1_4' title='bbox 264 403 443 469; x_wconf 72' lang='lat' dir='ltr'>illudh‚</span> <span class='ocrx_word' id='word_1_5' title='bbox 474 401 540 461; x_wconf 79' lang='grc' dir='ltr'>ἂν</span> <span class='ocrx_word' id='word_1_6' title='bbox 568 402 695 464; x_wconf 68' lang='grc' dir='ltr'>τούς</span> <span class='ocrx_word' id='word_1_7' title='bbox 733 399 935 463; x_wconf 77' lang='grc' dir='ltr'>ἄλλους</span> <span class='ocrx_word' id='word_1_8' title='bbox 969 399 1155 482; x_wconf 80' lang='grc' dir='ltr'>λάθῃς,</span> <span class='ocrx_word' id='word_1_9' title='bbox 1183 405 1399 474; x_wconf 79' lang='grc' dir='ltr'>σεαυτῷ</span> <span class='ocrx_word' id='word_1_10' title='bbox 1436 395 1771 466; x_wconf 74' lang='grc' dir='ltr'>συνειδήσεις,</span> <span class='ocrx_word' id='word_1_11' title='bbox 1801 404 1934 456; x_wconf 77' lang='lat' dir='ltr'>Utut</span> <span class='ocrx_word' id='word_1_12' title='bbox 1962 406 2103 458; x_wconf 79' lang='lat' dir='ltr'>alios</span> 
     </span>
    </p>
   </div>
   <div class='ocr_carea' id='block_1_3' title="bbox 259 484 2119 2758">
    <p class='ocr_par' dir='ltr' id='par_1_3' title="bbox 264 484 2106 874">
     <span class='ocr_line' id='line_1_3' title="bbox 270 484 2106 557; baseline -0.003 -15"><span class='ocrx_word' id='word_1_13' title='bbox 270 492 435 543; x_wconf 81' lang='lat' dir='ltr'>latere</span> <span class='ocrx_word' id='word_1_14' title='bbox 484 490 679 557; x_wconf 78' lang='lat' dir='ltr'>possis,</span> <span class='ocrx_word' id='word_1_15' title='bbox 732 497 841 540; x_wconf 79' lang='lat' dir='ltr'>tute</span> <span class='ocrx_word' id='word_1_16' title='bbox 901 488 1004 539; x_wconf 76' lang='lat' dir='ltr'>tibi</span> <span class='ocrx_word' id='word_1_17' title='bbox 1046 487 1288 538; x_wconf 82' lang='lat' dir='ltr'>conscius</span> <span class='ocrx_word' id='word_1_18' title='bbox 1331 487 1439 538; x_wconf 78' lang='lat' dir='ltr'>eris</span> <span class='ocrx_word' id='word_1_19' title='bbox 1457 506 1475 538; x_wconf 80' lang='lat'>.-</span> <span class='ocrx_word' id='word_1_20' title='bbox 1536 484 1883 536; x_wconf 89' lang='lat' dir='ltr'>Horatianum</span> <span class='ocrx_word' id='word_1_21' title='bbox 1924 484 2106 537; x_wconf 91' lang='lat' dir='ltr'>itidem</span> 
     </span>
     <span class='ocr_line' id='line_1_4' title="bbox 264 564 2105 636; baseline -0.004 -12"><span class='ocrx_word' id='word_1_22' title='bbox 264 564 429 632; x_wconf 65' lang='lat' dir='ltr'>illudi,</span> <span class='ocrx_word' id='word_1_23' title='bbox 461 572 577 623; x_wconf 80' lang='lat' dir='ltr'>Hic</span> <span class='ocrx_word' id='word_1_24' title='bbox 616 588 804 622; x_wconf 82' lang='lat' dir='ltr'>murus</span> <span class='ocrx_word' id='word_1_25' title='bbox 844 570 1074 621; x_wconf 81' lang='lat' dir='ltr'>aheneus</span> <span class='ocrx_word' id='word_1_26' title='bbox 1115 578 1237 628; x_wconf 77' lang='lat' dir='ltr'>esto,</span> <span class='ocrx_word' id='word_1_27' title='bbox 1273 568 1383 619; x_wconf 76' lang='lat' dir='ltr'>Nil</span> <span class='ocrx_word' id='word_1_28' title='bbox 1418 568 1650 619; x_wconf 79' lang='lat' dir='ltr'><em>conscire</em></span> <span class='ocrx_word' id='word_1_29' title='bbox 1688 567 1812 627; x_wconf 80' lang='lat' dir='ltr'>sibi,</span> <span class='ocrx_word' id='word_1_30' title='bbox 1847 571 1901 618; x_wconf 87' lang='lat' dir='ltr'>et</span> <span class='ocrx_word' id='word_1_31' title='bbox 1929 565 2105 636; x_wconf 84' lang='lat' dir='ltr'>Virgi-</span> 
     </span>
     <span class='ocr_line' id='line_1_5' title="bbox 266 646 2105 716; baseline -0.004 -11"><span class='ocrx_word' id='word_1_32' title='bbox 266 646 508 713; x_wconf 77' lang='lat' dir='ltr'>lianumk,</span> <span class='ocrx_word' id='word_1_33' title='bbox 540 653 699 704; x_wconf 63' lang='lat' dir='ltr'>ffIens</span> <span class='ocrx_word' id='word_1_34' title='bbox 728 652 833 703; x_wconf 82' lang='lat' dir='ltr'>sibi</span> <span class='ocrx_word' id='word_1_35' title='bbox 865 652 1081 703; x_wconf 80' lang='lat' dir='ltr'>conscia</span> <span class='ocrx_word' id='word_1_36' title='bbox 1109 651 1245 701; x_wconf 78' lang='lat' dir='ltr'>recti</span> <span class='ocrx_word' id='word_1_37' title='bbox 1264 669 1281 700; x_wconf 91' lang='grc'>.·</span> <span class='ocrx_word' id='word_1_38' title='bbox 1320 647 1594 699; x_wconf 90' lang='lat' dir='ltr'>Paulinum</span> <span class='ocrx_word' id='word_1_39' title='bbox 1622 647 1749 700; x_wconf 90' lang='lat' dir='ltr'>illud</span> <span class='ocrx_word' id='word_1_40' title='bbox 1779 646 1999 716; x_wconf 89' lang='lat' dir='ltr'>denique</span> <span class='ocrx_word' id='word_1_41' title='bbox 2018 648 2105 713; x_wconf 89' lang='lat' dir='ltr'>(ne</span> 
     </span>
     <span class='ocr_line' id='line_1_6' title="bbox 266 722 2099 803; baseline -0.002 -17"><span class='ocrx_word' id='word_1_42' title='bbox 266 734 333 787; x_wconf 90' lang='lat' dir='ltr'>sit</span> <span class='ocrx_word' id='word_1_43' title='bbox 367 751 494 803; x_wconf 91' lang='lat' dir='ltr'>opus</span> <span class='ocrx_word' id='word_1_44' title='bbox 522 731 688 802; x_wconf 92' lang='lat' dir='ltr'>plura,</span> <span class='ocrx_word' id='word_1_45' title='bbox 724 738 777 784; x_wconf 90' lang='lat' dir='ltr'>et</span> <span class='ocrx_word' id='word_1_46' title='bbox 806 731 1029 792; x_wconf 80' lang='lat' dir='ltr'>aliunde,</span> <span class='ocrx_word' id='word_1_47' title='bbox 1068 731 1389 800; x_wconf 87' lang='lat' dir='ltr'>congerere,)</span> <span class='ocrx_word' id='word_1_48' title='bbox 1423 722 1573 784; x_wconf 71' lang='grc' dir='ltr'><em>οὐδὲν</em></span> <span class='ocrx_word' id='word_1_49' title='bbox 1609 726 1831 801; x_wconf 76' lang='grc' dir='ltr'>ἐμαυτῷ</span> <span class='ocrx_word' id='word_1_50' title='bbox 1866 723 2099 791; x_wconf 78' lang='grc' dir='ltr'><em>σύνοιδα,</em></span> 
     </span>
     <span class='ocr_line' id='line_1_7' title="bbox 266 811 1442 874; baseline -0.007 -4"><span class='ocrx_word' id='word_1_51' title='bbox 266 817 435 870; x_wconf 76' lang='lat' dir='ltr'><em>Nihil</em></span> <span class='ocrx_word' id='word_1_52' title='bbox 460 816 598 866; x_wconf 74' lang='lat' dir='ltr'><em>mihi</em></span> <span class='ocrx_word' id='word_1_53' title='bbox 626 816 867 867; x_wconf 76' lang='lat' dir='ltr'>conscius</span> <span class='ocrx_word' id='word_1_54' title='bbox 895 832 1028 874; x_wconf 82' lang='lat' dir='ltr'>sum,</span> <span class='ocrx_word' id='word_1_55' title='bbox 1077 814 1107 864; x_wconf 92' lang='lat'>1</span> <span class='ocrx_word' id='word_1_56' title='bbox 1148 814 1266 866; x_wconf 82' lang='lat' dir='ltr'>Cor.</span> <span class='ocrx_word' id='word_1_57' title='bbox 1296 811 1366 864; x_wconf 82' lang='lat' dir='ltr'>iv.</span> <span class='ocrx_word' id='word_1_58' title='bbox 1390 812 1442 863; x_wconf 89' lang='lat'>4.</span> 
     </span>
    </p>

    <p class='ocr_par' dir='ltr' id='par_1_4' title="bbox 259 894 2119 2758">
     <span class='ocr_line' id='line_1_8' title="bbox 393 894 2105 965; baseline -0.003 -16"><span class='ocrx_word' id='word_1_59' title='bbox 393 897 517 950; x_wconf 90' lang='lat' dir='ltr'><strong>VII.</strong></span> <span class='ocrx_word' id='word_1_60' title='bbox 590 895 729 948; x_wconf 83' lang='lat' dir='ltr'>Satis</span> <span class='ocrx_word' id='word_1_61' title='bbox 778 894 889 965; x_wconf 89' lang='lat' dir='ltr'>jam</span> <span class='ocrx_word' id='word_1_62' title='bbox 947 901 1181 946; x_wconf 85' lang='lat' dir='ltr'><strong>constare</strong></span> <span class='ocrx_word' id='word_1_63' title='bbox 1226 899 1354 963; x_wconf 89' lang='lat' dir='ltr'>puto</span> <span class='ocrx_word' id='word_1_64' title='bbox 1400 894 1634 945; x_wconf 79' lang='lat' dir='ltr'>nominis</span> <span class='ocrx_word' id='word_1_65' title='bbox 1679 895 1961 954; x_wconf 76' lang='lat' dir='ltr'>rationem,</span> <span class='ocrx_word' id='word_1_66' title='bbox 2013 910 2105 945; x_wconf 90' lang='lat' dir='ltr'>seu</span> 
     </span>
     <span class='ocr_line' id='line_1_9' title="bbox 267 973 2106 1049; baseline -0.003 -18"><span class='ocrx_word' id='word_1_67' title='bbox 267 978 382 1049; x_wconf 90' lang='lat' dir='ltr'>quis</span> <span class='ocrx_word' id='word_1_68' title='bbox 409 978 549 1030; x_wconf 90' lang='lat' dir='ltr'>illam</span> <span class='ocrx_word' id='word_1_69' title='bbox 574 976 878 1046; x_wconf 73' lang='lat' dir='ltr'>praetulerit,</span> <span class='ocrx_word' id='word_1_70' title='bbox 909 994 1001 1029; x_wconf 90' lang='lat' dir='ltr'>seu</span> <span class='ocrx_word' id='word_1_71' title='bbox 1028 975 1193 1046; x_wconf 83' lang='lat' dir='ltr'>magis</span> <span class='ocrx_word' id='word_1_72' title='bbox 1221 976 1370 1037; x_wconf 89' lang='lat' dir='ltr'>hanc,</span> <span class='ocrx_word' id='word_1_73' title='bbox 1402 974 1511 1027; x_wconf 91' lang='lat' dir='ltr'>sive</span> <span class='ocrx_word' id='word_1_74' title='bbox 1540 981 1814 1044; x_wconf 89' lang='lat' dir='ltr'>utramque</span> <span class='ocrx_word' id='word_1_75' title='bbox 1843 973 1959 1045; x_wconf 90' lang='lat' dir='ltr'>pari</span> <span class='ocrx_word' id='word_1_76' title='bbox 1995 974 2106 1026; x_wconf 89' lang='lat' dir='ltr'>loco</span> 
     </span>
     <span class='ocr_line' id='line_1_10' title="bbox 266 1055 2107 1130; baseline -0.003 -17"><span class='ocrx_word' id='word_1_77' title='bbox 266 1061 471 1113; x_wconf 88' lang='lat' dir='ltr'>habeat.</span> <span class='ocrx_word' id='word_1_78' title='bbox 560 1060 697 1111; x_wconf 90' lang='lat' dir='ltr'>Nam</span> <span class='ocrx_word' id='word_1_79' title='bbox 736 1076 862 1128; x_wconf 90' lang='lat' dir='ltr'>quas</span> <span class='ocrx_word' id='word_1_80' title='bbox 901 1058 1164 1110; x_wconf 84' lang='lat' dir='ltr'>adducunt</span> <span class='ocrx_word' id='word_1_81' title='bbox 1200 1057 1325 1109; x_wconf 89' lang='lat' dir='ltr'>alias</span> <span class='ocrx_word' id='word_1_82' title='bbox 1353 1055 1581 1130; x_wconf 81' lang='lat' dir='ltr'>rationes</span> <span class='ocrx_word' id='word_1_83' title='bbox 1609 1074 1704 1126; x_wconf 91' lang='lat' dir='ltr'>pro</span> <span class='ocrx_word' id='word_1_84' title='bbox 1734 1055 1941 1127; x_wconf 87' lang='lat' dir='ltr'>ingenio</span> <span class='ocrx_word' id='word_1_85' title='bbox 1972 1056 2107 1126; x_wconf 89' lang='lat' dir='ltr'>quis-</span> 
     </span>
     <span class='ocr_line' id='line_1_11' title="bbox 268 1138 2107 1211; baseline -0.002 -17"><span class='ocrx_word' id='word_1_86' title='bbox 268 1159 368 1211; x_wconf 90' lang='lat' dir='ltr'>que</span> <span class='ocrx_word' id='word_1_87' title='bbox 412 1160 503 1194; x_wconf 90' lang='lat' dir='ltr'>suo</span> <span class='ocrx_word' id='word_1_88' title='bbox 546 1159 576 1193; x_wconf 95' lang='lat' dir='ltr'>e</span> <span class='ocrx_word' id='word_1_89' title='bbox 622 1140 772 1210; x_wconf 85' lang='lat' dir='ltr'>plebe</span> <span class='ocrx_word' id='word_1_90' title='bbox 821 1139 1160 1202; x_wconf 81' lang='lat' dir='ltr'>Scholastici‚</span> <span class='ocrx_word' id='word_1_91' title='bbox 1210 1138 1477 1191; x_wconf 89' lang='lat' dir='ltr'>dilutiores</span> <span class='ocrx_word' id='word_1_92' title='bbox 1522 1138 1633 1190; x_wconf 84' lang='lat' dir='ltr'>fere</span> <span class='ocrx_word' id='word_1_93' title='bbox 1676 1146 1796 1191; x_wconf 89' lang='lat' dir='ltr'>sunt</span> <span class='ocrx_word' id='word_1_94' title='bbox 1841 1156 1996 1207; x_wconf 90' lang='lat' dir='ltr'>quam</span> <span class='ocrx_word' id='word_1_95' title='bbox 2045 1144 2107 1191; x_wconf 92' lang='lat' dir='ltr'>ut</span> 
     </span>
     <span class='ocr_line' id='line_1_12' title="bbox 268 1220 2105 1290; baseline -0.002 -15"><span class='ocrx_word' id='word_1_96' title='bbox 268 1224 494 1276; x_wconf 90' lang='lat' dir='ltr'>debeant</span> <span class='ocrx_word' id='word_1_97' title='bbox 542 1240 746 1274; x_wconf 87' lang='lat' dir='ltr'>cursum</span> <span class='ocrx_word' id='word_1_98' title='bbox 792 1228 1026 1274; x_wconf 89' lang='lat' dir='ltr'>nostrum</span> <span class='ocrx_word' id='word_1_99' title='bbox 1072 1220 1277 1290; x_wconf 89' lang='lat' dir='ltr'>(quibus</span> <span class='ocrx_word' id='word_1_100' title='bbox 1322 1220 1486 1272; x_wconf 89' lang='lat' dir='ltr'>multa</span> <span class='ocrx_word' id='word_1_101' title='bbox 1542 1220 1760 1272; x_wconf 88' lang='lat' dir='ltr'>dicenda</span> <span class='ocrx_word' id='word_1_102' title='bbox 1805 1220 2105 1289; x_wconf 86' lang='lat' dir='ltr'>supersunt)</span> 
     </span>
     <span class='ocr_line' id='line_1_13' title="bbox 269 1299 2108 1375; baseline -0.002 -19"><span class='ocrx_word' id='word_1_103' title='bbox 269 1304 475 1357; x_wconf 90' lang='lat' dir='ltr'>morari.</span> <span class='ocrx_word' id='word_1_104' title='bbox 562 1305 734 1375; x_wconf 84' lang='lat' dir='ltr'>Pergo</span> <span class='ocrx_word' id='word_1_105' title='bbox 768 1303 944 1372; x_wconf 89' lang='lat' dir='ltr'>itaque</span> <span class='ocrx_word' id='word_1_106' title='bbox 983 1303 1051 1355; x_wconf 90' lang='lat' dir='ltr'>ad</span> <span class='ocrx_word' id='word_1_107' title='bbox 1084 1302 1221 1355; x_wconf 86' lang='lat' dir='ltr'>vocis</span> <span class='ocrx_word' id='word_1_108' title='bbox 1250 1299 1554 1365; x_wconf 78' lang='grc' dir='ltr'>ὁμωνυμίαν</span> <span class='ocrx_word' id='word_1_109' title='bbox 1580 1301 1931 1371; x_wconf 90' lang='lat' dir='ltr'>aperiendam,</span> <span class='ocrx_word' id='word_1_110' title='bbox 1967 1301 2108 1353; x_wconf 90' lang='lat' dir='ltr'>unde</span> 
     </span>
     <span class='ocr_line' id='line_1_14' title="bbox 270 1382 2110 1455; baseline -0.003 -17"><span class='ocrx_word' id='word_1_111' title='bbox 270 1393 387 1439; x_wconf 92' lang='lat' dir='ltr'>orta</span> <span class='ocrx_word' id='word_1_112' title='bbox 428 1385 560 1438; x_wconf 92' lang='lat' dir='ltr'>mira</span> <span class='ocrx_word' id='word_1_113' title='bbox 596 1385 686 1438; x_wconf 90' lang='lat' dir='ltr'>illa</span> <span class='ocrx_word' id='word_1_114' title='bbox 712 1385 852 1455; x_wconf 91' lang='lat' dir='ltr'>apud</span> <span class='ocrx_word' id='word_1_115' title='bbox 877 1385 1121 1437; x_wconf 87' lang='lat' dir='ltr'>authores</span> <span class='ocrx_word' id='word_1_116' title='bbox 1145 1384 1199 1435; x_wconf 91' lang='lat' dir='ltr'>in</span> <span class='ocrx_word' id='word_1_117' title='bbox 1228 1383 1518 1436; x_wconf 89' lang='lat' dir='ltr'>definienda</span> <span class='ocrx_word' id='word_1_118' title='bbox 1554 1385 1892 1437; x_wconf 76' lang='lat' dir='ltr'><em>Conscientia</em></span> <span class='ocrx_word' id='word_1_119' title='bbox 1920 1382 2110 1434; x_wconf 88' lang='lat' dir='ltr'>discre-</span> 
     </span>
     <span class='ocr_line' id='line_1_15' title="bbox 268 1463 2111 1537; baseline -0.003 -18"><span class='ocrx_word' id='word_1_120' title='bbox 268 1467 462 1537; x_wconf 88' lang='lat' dir='ltr'>pantia,</span> <span class='ocrx_word' id='word_1_121' title='bbox 491 1485 653 1536; x_wconf 90' lang='lat' dir='ltr'>usque</span> <span class='ocrx_word' id='word_1_122' title='bbox 695 1467 825 1519; x_wconf 90' lang='lat' dir='ltr'>adeo</span> <span class='ocrx_word' id='word_1_123' title='bbox 864 1473 924 1518; x_wconf 91' lang='lat' dir='ltr'>ut</span> <span class='ocrx_word' id='word_1_124' title='bbox 966 1466 1032 1518; x_wconf 93' lang='lat' dir='ltr'>de</span> <span class='ocrx_word' id='word_1_125' title='bbox 1063 1468 1250 1535; x_wconf 78' lang='lat' dir='ltr'>primo</span> <span class='ocrx_word' id='word_1_126' title='bbox 1292 1466 1620 1532; x_wconf 79' lang='lat' dir='ltr'>definitionis</span> <span class='ocrx_word' id='word_1_127' title='bbox 1660 1466 1884 1516; x_wconf 80' lang='lat' dir='ltr'>termino</span> <span class='ocrx_word' id='word_1_128' title='bbox 1928 1463 2111 1532; x_wconf 90' lang='lat' dir='ltr'>(quod-</span> 
     </span>
     <span class='ocr_line' id='line_1_16' title="bbox 269 1542 2110 1617; baseline -0.002 -17"><span class='ocrx_word' id='word_1_129' title='bbox 269 1566 390 1601; x_wconf 92' lang='lat' dir='ltr'>nam</span> <span class='ocrx_word' id='word_1_130' title='bbox 445 1566 513 1600; x_wconf 88' lang='lat' dir='ltr'>sc.</span> <span class='ocrx_word' id='word_1_131' title='bbox 572 1548 639 1600; x_wconf 89' lang='lat' dir='ltr'>sit</span> <span class='ocrx_word' id='word_1_132' title='bbox 682 1547 841 1617; x_wconf 89' lang='lat' dir='ltr'>ipsius</span> <span class='ocrx_word' id='word_1_133' title='bbox 868 1542 1066 1615; x_wconf 70' lang='lat' dir='ltr'>&#39;yenus)</span> <span class='ocrx_word' id='word_1_134' title='bbox 1112 1563 1303 1616; x_wconf 89' lang='lat' dir='ltr'>magna</span> <span class='ocrx_word' id='word_1_135' title='bbox 1347 1545 1415 1597; x_wconf 89' lang='lat' dir='ltr'>sit</span> <span class='ocrx_word' id='word_1_136' title='bbox 1464 1551 1517 1596; x_wconf 92' lang='lat' dir='ltr'>et</span> <span class='ocrx_word' id='word_1_137' title='bbox 1561 1544 1775 1597; x_wconf 87' lang='lat' dir='ltr'>difficilis</span> <span class='ocrx_word' id='word_1_138' title='bbox 1830 1544 2110 1596; x_wconf 85' lang='lat' dir='ltr'><strong>admodum</strong></span> 
     </span>
     <span class='ocr_line' id='line_1_17' title="bbox 269 1625 2108 1697; baseline -0.003 -15"><span class='ocrx_word' id='word_1_139' title='bbox 269 1627 635 1682; x_wconf 87' lang='lat' dir='ltr'>controversia.</span> <span class='ocrx_word' id='word_1_140' title='bbox 725 1629 801 1680; x_wconf 91' lang='lat' dir='ltr'>Ut</span> <span class='ocrx_word' id='word_1_141' title='bbox 842 1627 1018 1697; x_wconf 89' lang='lat' dir='ltr'>itaque</span> <span class='ocrx_word' id='word_1_142' title='bbox 1067 1626 1281 1679; x_wconf 86' lang='lat' dir='ltr'>tollatur</span> <span class='ocrx_word' id='word_1_143' title='bbox 1331 1644 1360 1678; x_wconf 93' lang='lat' dir='ltr'>e</span> <span class='ocrx_word' id='word_1_144' title='bbox 1407 1625 1576 1678; x_wconf 90' lang='lat' dir='ltr'>medio</span> <span class='ocrx_word' id='word_1_145' title='bbox 1625 1625 1714 1678; x_wconf 89' lang='lat' dir='ltr'>illa</span> <span class='ocrx_word' id='word_1_146' title='bbox 1763 1625 2108 1696; x_wconf 83' lang='lat' dir='ltr'>ambiguitas3</span> 
     </span>
     <span class='ocr_line' id='line_1_18' title="bbox 268 1706 2111 1779; baseline -0.002 -16"><span class='ocrx_word' id='word_1_147' title='bbox 268 1709 396 1763; x_wconf 87' lang='lat' dir='ltr'>illud</span> <span class='ocrx_word' id='word_1_148' title='bbox 445 1708 694 1779; x_wconf 84' lang='lat' dir='ltr'>imprimis</span> <span class='ocrx_word' id='word_1_149' title='bbox 741 1708 1119 1761; x_wconf 89' lang='lat' dir='ltr'>observandum</span> <span class='ocrx_word' id='word_1_150' title='bbox 1162 1715 1256 1770; x_wconf 90' lang='lat' dir='ltr'>est,</span> <span class='ocrx_word' id='word_1_151' title='bbox 1301 1714 1501 1760; x_wconf 81' lang='lat' dir='ltr'>tantam</span> <span class='ocrx_word' id='word_1_152' title='bbox 1537 1725 1649 1760; x_wconf 90' lang='lat' dir='ltr'>esse</span> <span class='ocrx_word' id='word_1_153' title='bbox 1688 1706 1876 1760; x_wconf 86' lang='lat' dir='ltr'>virium</span> <span class='ocrx_word' id='word_1_154' title='bbox 1922 1707 2111 1760; x_wconf 90' lang='lat' dir='ltr'>mentis</span> 
     </span>
     <span class='ocr_line' id='line_1_19' title="bbox 269 1788 2112 1861; baseline -0.002 -17"><span class='ocrx_word' id='word_1_155' title='bbox 269 1792 476 1861; x_wconf 80' lang='lat' dir='ltr'>(nempe</span> <span class='ocrx_word' id='word_1_156' title='bbox 502 1793 903 1852; x_wconf 69' lang='lat' dir='ltr'>Potentiorum,</span> <span class='ocrx_word' id='word_1_157' title='bbox 934 1792 1260 1852; x_wconf 65' lang='lat' dir='ltr'>Habinnam,</span> <span class='ocrx_word' id='word_1_158' title='bbox 1294 1796 1346 1841; x_wconf 95' lang='lat' dir='ltr'>et</span> <span class='ocrx_word' id='word_1_159' title='bbox 1374 1790 1633 1857; x_wconf 78' lang='lat' dir='ltr'>Actuum)</span> <span class='ocrx_word' id='word_1_160' title='bbox 1658 1788 1796 1841; x_wconf 90' lang='lat' dir='ltr'>inter</span> <span class='ocrx_word' id='word_1_161' title='bbox 1824 1807 1880 1841; x_wconf 90' lang='lat' dir='ltr'>se</span> <span class='ocrx_word' id='word_1_162' title='bbox 1908 1796 2112 1841; x_wconf 83' lang='lat' dir='ltr'>naturae</span> 
     </span>
     <span class='ocr_line' id='line_1_20' title="bbox 271 1869 2112 1942; baseline -0.002 -16"><span class='ocrx_word' id='word_1_163' title='bbox 271 1875 652 1942; x_wconf 74' lang='lat' dir='ltr'>coynationem,</span> <span class='ocrx_word' id='word_1_164' title='bbox 682 1879 891 1941; x_wconf 90' lang='lat' dir='ltr'>tamque</span> <span class='ocrx_word' id='word_1_165' title='bbox 925 1878 1121 1924; x_wconf 85' lang='lat' dir='ltr'>arctam</span> <span class='ocrx_word' id='word_1_166' title='bbox 1150 1871 1321 1940; x_wconf 90' lang='lat' dir='ltr'>quoad</span> <span class='ocrx_word' id='word_1_167' title='bbox 1364 1889 1513 1922; x_wconf 91' lang='lat' dir='ltr'>usum</span> <span class='ocrx_word' id='word_1_168' title='bbox 1548 1877 1603 1923; x_wconf 90' lang='lat' dir='ltr'>et</span> <span class='ocrx_word' id='word_1_169' title='bbox 1641 1869 1958 1932; x_wconf 85' lang='lat' dir='ltr'>exercitium,</span> <span class='ocrx_word' id='word_1_170' title='bbox 1992 1890 2112 1924; x_wconf 88' lang='lat' dir='ltr'>con-</span> 
     </span>
     <span class='ocr_line' id='line_1_21' title="bbox 259 1952 2113 2024; baseline -0.002 -18"><span class='ocrx_word' id='word_1_171' title='bbox 259 1956 590 2024; x_wconf 77' lang='lat' dir='ltr'>junctionem</span> <span class='ocrx_word' id='word_1_172' title='bbox 639 1953 748 2006; x_wconf 88' lang='lat' dir='ltr'>sive</span> <span class='ocrx_word' id='word_1_173' title='bbox 805 1952 1205 2014; x_wconf 84' lang='lat' dir='ltr'>connexionem3</span> <span class='ocrx_word' id='word_1_174' title='bbox 1265 1959 1324 2005; x_wconf 92' lang='lat' dir='ltr'>ut</span> <span class='ocrx_word' id='word_1_175' title='bbox 1374 1970 1479 2004; x_wconf 91' lang='lat' dir='ltr'>non</span> <span class='ocrx_word' id='word_1_176' title='bbox 1523 1952 1685 2004; x_wconf 91' lang='lat' dir='ltr'>solum</span> <span class='ocrx_word' id='word_1_177' title='bbox 1731 1954 2113 2005; x_wconf 77' lang='lat' dir='ltr'>vocabulorum</span> 
     </span>
     <span class='ocr_line' id='line_1_22' title="bbox 272 2033 2111 2105; baseline -0.002 -17"><span class='ocrx_word' id='word_1_178' title='bbox 272 2038 678 2105; x_wconf 78' lang='lat' dir='ltr'>appellationes,</span> <span class='ocrx_word' id='word_1_179' title='bbox 703 2035 795 2088; x_wconf 89' lang='lat' dir='ltr'>sed</span> <span class='ocrx_word' id='word_1_180' title='bbox 823 2042 877 2088; x_wconf 91' lang='lat' dir='ltr'>et</span> <span class='ocrx_word' id='word_1_181' title='bbox 905 2036 1078 2088; x_wconf 78' lang='lat' dir='ltr'>reales</span> <span class='ocrx_word' id='word_1_182' title='bbox 1104 2034 1423 2105; x_wconf 85' lang='lat' dir='ltr'>singulorum</span> <span class='ocrx_word' id='word_1_183' title='bbox 1443 2036 1811 2103; x_wconf 75' lang='lat' dir='ltr'>proprietates</span> <span class='ocrx_word' id='word_1_184' title='bbox 1840 2040 1894 2086; x_wconf 91' lang='lat' dir='ltr'>et</span> <span class='ocrx_word' id='word_1_185' title='bbox 1932 2033 2111 2096; x_wconf 90' lang='lat' dir='ltr'>officia,</span> 
     </span>
     <span class='ocr_line' id='line_1_23' title="bbox 273 2115 2114 2187; baseline -0.001 -18"><span class='ocrx_word' id='word_1_186' title='bbox 273 2117 484 2187; x_wconf 89' lang='lat' dir='ltr'>reliquis</span> <span class='ocrx_word' id='word_1_187' title='bbox 522 2117 809 2187; x_wconf 88' lang='lat' dir='ltr'>promiscue</span> <span class='ocrx_word' id='word_1_188' title='bbox 849 2123 903 2169; x_wconf 92' lang='lat' dir='ltr'>et</span> <span class='ocrx_word' id='word_1_189' title='bbox 933 2115 1371 2168; x_wconf 76' lang='lat' dir='ltr'>indiscriminatim</span> <span class='ocrx_word' id='word_1_190' title='bbox 1408 2115 1625 2167; x_wconf 80' lang='lat' dir='ltr'>attribui</span> <span class='ocrx_word' id='word_1_191' title='bbox 1663 2115 1897 2178; x_wconf 83' lang='lat' dir='ltr'>soleant3</span> <span class='ocrx_word' id='word_1_192' title='bbox 1956 2115 2114 2185; x_wconf 90' lang='lat' dir='ltr'>idque</span> 
     </span>
     <span class='ocr_line' id='line_1_24' title="bbox 274 2196 2115 2266; baseline 0 -16"><span class='ocrx_word' id='word_1_193' title='bbox 274 2216 379 2251; x_wconf 90' lang='lat' dir='ltr'>non</span> <span class='ocrx_word' id='word_1_194' title='bbox 426 2198 480 2250; x_wconf 88' lang='lat' dir='ltr'>in</span> <span class='ocrx_word' id='word_1_195' title='bbox 525 2200 803 2252; x_wconf 77' lang='lat' dir='ltr'>coeotericis</span> <span class='ocrx_word' id='word_1_196' title='bbox 848 2204 1053 2251; x_wconf 87' lang='lat' dir='ltr'>tantum</span> <span class='ocrx_word' id='word_1_197' title='bbox 1096 2200 1406 2258; x_wconf 79' lang='lat' dir='ltr'>Poetarum,</span> <span class='ocrx_word' id='word_1_198' title='bbox 1448 2199 1757 2258; x_wconf 75' lang='lat' dir='ltr'>oratorum,</span> <span class='ocrx_word' id='word_1_199' title='bbox 1795 2196 2115 2266; x_wconf 90' lang='lat' dir='ltr'>aliorumque</span> 
     </span>
     <span class='ocr_line' id='line_1_25' title="bbox 276 2278 2115 2348; baseline 0 -17"><span class='ocrx_word' id='word_1_200' title='bbox 276 2279 591 2331; x_wconf 82' lang='lat' dir='ltr'>humanioris</span> <span class='ocrx_word' id='word_1_201' title='bbox 620 2280 905 2331; x_wconf 74' lang='lat' dir='ltr'>literaturae</span> <span class='ocrx_word' id='word_1_202' title='bbox 933 2279 1226 2340; x_wconf 90' lang='lat' dir='ltr'>authorum,</span> <span class='ocrx_word' id='word_1_203' title='bbox 1253 2279 1457 2346; x_wconf 91' lang='lat' dir='ltr'>(quibus</span> <span class='ocrx_word' id='word_1_204' title='bbox 1485 2278 1718 2331; x_wconf 87' lang='lat' dir='ltr'>licentius</span> <span class='ocrx_word' id='word_1_205' title='bbox 1740 2278 1879 2347; x_wconf 92' lang='lat' dir='ltr'>loqui</span> <span class='ocrx_word' id='word_1_206' title='bbox 1900 2278 2115 2348; x_wconf 89' lang='lat' dir='ltr'>permis-</span> 
     </span>
     <span class='ocr_line' id='line_1_26' title="bbox 276 2360 2119 2429; baseline -0.001 -15"><span class='ocrx_word' id='word_1_207' title='bbox 276 2379 389 2414; x_wconf 87' lang='lat' dir='ltr'>sum</span> <span class='ocrx_word' id='word_1_208' title='bbox 419 2362 536 2429; x_wconf 88' lang='lat' dir='ltr'>est,)</span> <span class='ocrx_word' id='word_1_209' title='bbox 566 2361 658 2413; x_wconf 90' lang='lat' dir='ltr'>sed</span> <span class='ocrx_word' id='word_1_210' title='bbox 685 2367 739 2414; x_wconf 91' lang='lat' dir='ltr'>et</span> <span class='ocrx_word' id='word_1_211' title='bbox 780 2360 834 2412; x_wconf 91' lang='lat' dir='ltr'>in</span> <span class='ocrx_word' id='word_1_212' title='bbox 877 2362 1199 2429; x_wconf 70' lang='lat' dir='ltr'>doymaticis</span> <span class='ocrx_word' id='word_1_213' title='bbox 1239 2361 1688 2429; x_wconf 76' lang='lat' dir='ltr'>Philosophorum</span> <span class='ocrx_word' id='word_1_214' title='bbox 1729 2371 1779 2413; x_wconf 81' lang='lat' dir='ltr'>et</span> <span class='ocrx_word' id='word_1_215' title='bbox 1824 2362 2119 2413; x_wconf 81' lang='lat' dir='ltr'>Scholasti-</span> 
     </span>
     <span class='ocr_line' id='line_1_27' title="bbox 279 2441 2118 2511; baseline -0.001 -16"><span class='ocrx_word' id='word_1_216' title='bbox 279 2461 462 2496; x_wconf 80' lang='lat' dir='ltr'>corum</span> <span class='ocrx_word' id='word_1_217' title='bbox 492 2441 721 2511; x_wconf 82' lang='lat' dir='ltr'>Scriptis,</span> <span class='ocrx_word' id='word_1_218' title='bbox 753 2442 937 2511; x_wconf 88' lang='lat' dir='ltr'>quibus</span> <span class='ocrx_word' id='word_1_219' title='bbox 964 2460 1067 2493; x_wconf 92' lang='lat' dir='ltr'>non</span> <span class='ocrx_word' id='word_1_220' title='bbox 1094 2441 1213 2494; x_wconf 89' lang='lat' dir='ltr'>licet</span> <span class='ocrx_word' id='word_1_221' title='bbox 1230 2459 1340 2494; x_wconf 91' lang='lat' dir='ltr'>esse</span> <span class='ocrx_word' id='word_1_222' title='bbox 1358 2449 1463 2494; x_wconf 91' lang='lat' dir='ltr'>tam</span> <span class='ocrx_word' id='word_1_223' title='bbox 1483 2441 1703 2495; x_wconf 79' lang='lat' dir='ltr'>disertis,</span> <span class='ocrx_word' id='word_1_224' title='bbox 1774 2441 2118 2505; x_wconf 81' lang='lat' dir='ltr'>Quantumvis</span> 
     </span>
     <span class='ocr_line' id='line_1_28' title="bbox 277 2522 2118 2594; baseline 0 -19"><span class='ocrx_word' id='word_1_225' title='bbox 277 2522 438 2594; x_wconf 87' lang='lat' dir='ltr'>igitur</span> <span class='ocrx_word' id='word_1_226' title='bbox 487 2524 709 2576; x_wconf 91' lang='lat' dir='ltr'>arduum</span> <span class='ocrx_word' id='word_1_227' title='bbox 755 2541 958 2594; x_wconf 90' lang='lat' dir='ltr'>semper</span> <span class='ocrx_word' id='word_1_228' title='bbox 1007 2522 1243 2576; x_wconf 89' lang='lat' dir='ltr'>habitum</span> <span class='ocrx_word' id='word_1_229' title='bbox 1284 2530 1364 2575; x_wconf 90' lang='lat' dir='ltr'>est</span> <span class='ocrx_word' id='word_1_230' title='bbox 1407 2530 1461 2576; x_wconf 87' lang='lat' dir='ltr'>et</span> <span class='ocrx_word' id='word_1_231' title='bbox 1516 2523 1731 2586; x_wconf 87' lang='lat' dir='ltr'>difficile,</span> <span class='ocrx_word' id='word_1_232' title='bbox 1789 2541 1875 2576; x_wconf 88' lang='lat' dir='ltr'>res</span> <span class='ocrx_word' id='word_1_233' title='bbox 1928 2530 2118 2576; x_wconf 88' lang='lat' dir='ltr'>natura</span> 
     </span>
     <span class='ocr_line' id='line_1_29' title="bbox 278 2604 2118 2675; baseline 0 -18"><span class='ocrx_word' id='word_1_234' title='bbox 278 2622 476 2675; x_wconf 91' lang='lat' dir='ltr'>usuque</span> <span class='ocrx_word' id='word_1_235' title='bbox 514 2606 839 2673; x_wconf 77' lang='lat' dir='ltr'>conjunctas,</span> <span class='ocrx_word' id='word_1_236' title='bbox 871 2604 975 2657; x_wconf 89' lang='lat' dir='ltr'>suis</span> <span class='ocrx_word' id='word_1_237' title='bbox 1014 2604 1160 2673; x_wconf 89' lang='lat' dir='ltr'>quasi</span> <span class='ocrx_word' id='word_1_238' title='bbox 1189 2604 1343 2657; x_wconf 86' lang='lat' dir='ltr'>certis</span> <span class='ocrx_word' id='word_1_239' title='bbox 1371 2606 1636 2658; x_wconf 77' lang='lat' dir='ltr'>limitibus</span> <span class='ocrx_word' id='word_1_240' title='bbox 1665 2607 1888 2673; x_wconf 76' lang='lat' dir='ltr'>definire</span> <span class='ocrx_word' id='word_1_241' title='bbox 1929 2611 1983 2657; x_wconf 89' lang='lat' dir='ltr'>et</span> <span class='ocrx_word' id='word_1_242' title='bbox 2016 2604 2118 2657; x_wconf 90' lang='lat' dir='ltr'>dis-</span> 
     </span>
     <span class='ocr_line' id='line_1_30' title="bbox 278 2684 2119 2758; baseline 0 -19"><span class='ocrx_word' id='word_1_243' title='bbox 278 2684 553 2758; x_wconf 83' lang='lat' dir='ltr'>tinguere3</span> <span class='ocrx_word' id='word_1_244' title='bbox 597 2687 666 2740; x_wconf 89' lang='lat' dir='ltr'>ad</span> <span class='ocrx_word' id='word_1_245' title='bbox 703 2688 1048 2741; x_wconf 80' lang='lat' dir='ltr'>Conscientice</span> <span class='ocrx_word' id='word_1_246' title='bbox 1077 2693 1253 2739; x_wconf 89' lang='lat' dir='ltr'>tamen</span> <span class='ocrx_word' id='word_1_247' title='bbox 1281 2704 1459 2740; x_wconf 89' lang='lat' dir='ltr'>vocem</span> <span class='ocrx_word' id='word_1_248' title='bbox 1502 2686 1642 2756; x_wconf 89' lang='lat' dir='ltr'>quod</span> <span class='ocrx_word' id='word_1_249' title='bbox 1672 2686 1877 2750; x_wconf 85' lang='lat' dir='ltr'>attinet,</span> <span class='ocrx_word' id='word_1_250' title='bbox 1908 2704 2025 2758; x_wconf 83' lang='lat' dir='ltr'>quae</span> <span class='ocrx_word' id='word_1_251' title='bbox 2064 2693 2119 2740; x_wconf 90' lang='lat' dir='ltr'>et</span> 
     </span>
    </p>
   </div>
   <div class='ocr_carea' id='block_1_4' title="bbox 428 2861 1919 2975">
    <p class='ocr_par' dir='ltr' id='par_1_5' title="bbox 428 2861 1919 2975">
     <span class='ocr_line' id='line_1_31' title="bbox 428 2861 1919 2915; baseline 0.003 -16"><span class='ocrx_word' id='word_1_252' title='bbox 428 2861 448 2889; x_wconf 80' lang='lat' dir='ltr'>h</span> <span class='ocrx_word' id='word_1_253' title='bbox 474 2863 597 2900; x_wconf 88' lang='lat' dir='ltr'>Isocr.</span> <span class='ocrx_word' id='word_1_254' title='bbox 616 2864 667 2900; x_wconf 85' lang='lat' dir='ltr'>ad</span> <span class='ocrx_word' id='word_1_255' title='bbox 684 2864 892 2903; x_wconf 87' lang='lat' dir='ltr'>Demonic.</span> <span class='ocrx_word' id='word_1_256' title='bbox 913 2865 955 2914; x_wconf 69' lang='grc' dir='ltr'>[ἓ</span> <span class='ocrx_word' id='word_1_257' title='bbox 975 2864 1058 2914; x_wconf 88' lang='grc'><strong>16.]</strong></span> <span class='ocrx_word' id='word_1_258' title='bbox 1200 2875 1202 2900; x_wconf 65' lang='lat' dir='ltr'>fi</span> <span class='ocrx_word' id='word_1_259' title='bbox 1289 2864 1310 2892; x_wconf 74' lang='lat' dir='ltr'>k</span> <span class='ocrx_word' id='word_1_260' title='bbox 1335 2865 1481 2914; x_wconf 84' lang='lat' dir='ltr'>Virgil.</span> <span class='ocrx_word' id='word_1_261' title='bbox 1500 2865 1664 2904; x_wconf 82' lang='lat' dir='ltr'>AEneid.</span> <span class='ocrx_word' id='word_1_262' title='bbox 1682 2876 1713 2903; x_wconf 92' lang='lat'>1.</span> <span class='ocrx_word' id='word_1_263' title='bbox 1734 2865 1790 2915; x_wconf 83' lang='lat' dir='ltr'>[v.</span> <span class='ocrx_word' id='word_1_264' title='bbox 1810 2865 1919 2915; x_wconf 63' lang='lat'>604]</span> 
     </span>
     <span class='ocr_line' id='line_1_32' title="bbox 429 2922 1035 2975; baseline 0.005 -15"><span class='ocrx_word' id='word_1_265' title='bbox 429 2922 442 2950; x_wconf 79' lang='lat'><strong>¹</strong></span> <span class='ocrx_word' id='word_1_266' title='bbox 464 2924 607 2962; x_wconf 83' lang='lat' dir='ltr'>Horat.</span> <span class='ocrx_word' id='word_1_267' title='bbox 625 2935 658 2963; x_wconf 86' lang='lat'>1.</span> <span class='ocrx_word' id='word_1_268' title='bbox 674 2926 805 2973; x_wconf 86' lang='lat' dir='ltr'>Epist.</span> <span class='ocrx_word' id='word_1_269' title='bbox 824 2929 863 2963; x_wconf 84' lang='lat'>1.</span> <span class='ocrx_word' id='word_1_270' title='bbox 881 2926 935 2975; x_wconf 85' lang='lat' dir='ltr'>[v.</span> <span class='ocrx_word' id='word_1_271' title='bbox 953 2926 1035 2974; x_wconf 90' lang='grc'>60.]</span> 
     </span>
    </p>
   </div>
   <div class='ocr_carea' id='block_1_5' title="bbox 282 3023 2126 3856">
    <p class='ocr_par' dir='ltr' id='par_1_6' title="bbox 282 3023 2126 3363">
     <span class='ocr_line' id='line_1_33' title="bbox 371 3023 2123 3083; baseline 0.002 -15"><span class='ocrx_word' id='word_1_272' title='bbox 371 3026 413 3068; x_wconf 84' lang='grc'>7.</span> <span class='ocrx_word' id='word_1_273' title='bbox 478 3023 579 3067; x_wconf 90' lang='lat' dir='ltr'>The</span> <span class='ocrx_word' id='word_1_274' title='bbox 611 3024 796 3083; x_wconf 85' lang='lat' dir='ltr'>inquiry</span> <span class='ocrx_word' id='word_1_275' title='bbox 835 3038 897 3068; x_wconf 92' lang='lat' dir='ltr'>on</span> <span class='ocrx_word' id='word_1_276' title='bbox 921 3023 1073 3069; x_wconf 84' lang='lat' dir='ltr'>which</span> <span class='ocrx_word' id='word_1_277' title='bbox 1110 3038 1197 3069; x_wconf 89' lang='lat' dir='ltr'>our</span> <span class='ocrx_word' id='word_1_278' title='bbox 1228 3025 1399 3070; x_wconf 89' lang='lat' dir='ltr'>author</span> <span class='ocrx_word' id='word_1_279' title='bbox 1434 3039 1539 3069; x_wconf 89' lang='lat' dir='ltr'>now</span> <span class='ocrx_word' id='word_1_280' title='bbox 1563 3030 1734 3078; x_wconf 87' lang='lat' dir='ltr'>enters,</span> <span class='ocrx_word' id='word_1_281' title='bbox 1763 3025 1974 3070; x_wconf 85' lang='lat' dir='ltr'>whether</span> <span class='ocrx_word' id='word_1_282' title='bbox 2009 3027 2123 3072; x_wconf 79' lang='lat' dir='ltr'>Con-</span> 
     </span>
     <span class='ocr_line' id='line_1_34' title="bbox 282 3094 2123 3155; baseline 0.003 -17"><span class='ocrx_word' id='word_1_283' title='bbox 282 3094 440 3138; x_wconf 78' lang='lat' dir='ltr'>science</span> <span class='ocrx_word' id='word_1_284' title='bbox 462 3094 523 3138; x_wconf 90' lang='lat' dir='ltr'>be</span> <span class='ocrx_word' id='word_1_285' title='bbox 544 3107 573 3137; x_wconf 83' lang='lat' dir='ltr'>a</span> <span class='ocrx_word' id='word_1_286' title='bbox 586 3095 762 3147; x_wconf 83' lang='lat' dir='ltr'>Power,</span> <span class='ocrx_word' id='word_1_287' title='bbox 786 3109 814 3139; x_wconf 88' lang='lat' dir='ltr'>a</span> <span class='ocrx_word' id='word_1_288' title='bbox 832 3096 991 3146; x_wconf 75' lang='lat' dir='ltr'>Habit,</span> <span class='ocrx_word' id='word_1_289' title='bbox 1020 3109 1074 3139; x_wconf 92' lang='lat' dir='ltr'>or</span> <span class='ocrx_word' id='word_1_290' title='bbox 1094 3110 1155 3139; x_wconf 83' lang='lat' dir='ltr'>an</span> <span class='ocrx_word' id='word_1_291' title='bbox 1170 3095 1271 3148; x_wconf 77' lang='lat' dir='ltr'>Act,</span> <span class='ocrx_word' id='word_1_292' title='bbox 1296 3096 1539 3154; x_wconf 83' lang='lat' dir='ltr'>obviously</span> <span class='ocrx_word' id='word_1_293' title='bbox 1558 3096 1642 3140; x_wconf 91' lang='lat' dir='ltr'>has</span> <span class='ocrx_word' id='word_1_294' title='bbox 1666 3097 1726 3141; x_wconf 90' lang='lat' dir='ltr'>its</span> <span class='ocrx_word' id='word_1_295' title='bbox 1752 3098 1903 3155; x_wconf 86' lang='lat' dir='ltr'>origin</span> <span class='ocrx_word' id='word_1_296' title='bbox 1923 3098 1973 3140; x_wconf 86' lang='lat' dir='ltr'>in</span> <span class='ocrx_word' id='word_1_297' title='bbox 1996 3097 2123 3143; x_wconf 79' lang='lat' dir='ltr'>Aris-</span> 
     </span>
     <span class='ocr_line' id='line_1_35' title="bbox 284 3164 2125 3224; baseline 0.003 -18"><span class='ocrx_word' id='word_1_298' title='bbox 284 3164 438 3207; x_wconf 88' lang='lat' dir='ltr'>totle’s</span> <span class='ocrx_word' id='word_1_299' title='bbox 466 3164 673 3222; x_wconf 82' lang='lat' dir='ltr'>Inquiry,</span> <span class='ocrx_word' id='word_1_300' title='bbox 704 3166 754 3208; x_wconf 90' lang='lat' dir='ltr'>in</span> <span class='ocrx_word' id='word_1_301' title='bbox 780 3165 863 3210; x_wconf 86' lang='lat' dir='ltr'>the</span> <span class='ocrx_word' id='word_1_302' title='bbox 882 3167 929 3210; x_wconf 90' lang='lat' dir='ltr'>N</span> <span class='ocrx_word' id='word_1_303' title='bbox 933 3166 1233 3210; x_wconf 86' lang='lat' dir='ltr'>icomachean</span> <span class='ocrx_word' id='word_1_304' title='bbox 1257 3166 1418 3212; x_wconf 88' lang='lat' dir='ltr'>Ethics</span> <span class='ocrx_word' id='word_1_305' title='bbox 1449 3169 1522 3224; x_wconf 87' lang='lat'>(11.</span> <span class='ocrx_word' id='word_1_306' title='bbox 1553 3166 1602 3221; x_wconf 86' lang='lat'>5)</span> <span class='ocrx_word' id='word_1_307' title='bbox 1626 3167 1836 3212; x_wconf 90' lang='lat' dir='ltr'>whether</span> <span class='ocrx_word' id='word_1_308' title='bbox 1865 3169 2035 3212; x_wconf 84' lang='lat' dir='ltr'>Virtue</span> <span class='ocrx_word' id='word_1_309' title='bbox 2064 3170 2125 3212; x_wconf 89' lang='lat' dir='ltr'>be</span> 
     </span>
     <span class='ocr_line' id='line_1_36' title="bbox 285 3232 2126 3292; baseline 0.003 -15"><span class='ocrx_word' id='word_1_310' title='bbox 285 3248 348 3277; x_wconf 83' lang='lat' dir='ltr'>an</span> <span class='ocrx_word' id='word_1_311' title='bbox 366 3232 595 3290; x_wconf 78' lang='lat' dir='ltr'>Affection,</span> <span class='ocrx_word' id='word_1_312' title='bbox 614 3248 643 3277; x_wconf 86' lang='lat' dir='ltr'>a</span> <span class='ocrx_word' id='word_1_313' title='bbox 657 3236 832 3287; x_wconf 80' lang='lat' dir='ltr'>Power,</span> <span class='ocrx_word' id='word_1_314' title='bbox 854 3249 908 3279; x_wconf 87' lang='lat' dir='ltr'>or</span> <span class='ocrx_word' id='word_1_315' title='bbox 927 3251 956 3280; x_wconf 88' lang='lat' dir='ltr'>a</span> <span class='ocrx_word' id='word_1_316' title='bbox 974 3237 1120 3280; x_wconf 77' lang='lat' dir='ltr'>Habit</span> <span class='ocrx_word' id='word_1_317' title='bbox 1139 3235 1308 3291; x_wconf 81' lang='grc' dir='ltr'>(πάθος,</span> <span class='ocrx_word' id='word_1_318' title='bbox 1329 3235 1517 3292; x_wconf 78' lang='grc' dir='ltr'>δύναμις,</span> <span class='ocrx_word' id='word_1_319' title='bbox 1538 3236 1625 3291; x_wconf 84' lang='grc' dir='ltr'>ἕξις</span> <span class='ocrx_word' id='word_1_320' title='bbox 1632 3233 1668 3290; x_wconf 80' lang='lat'>3)</span> <span class='ocrx_word' id='word_1_321' title='bbox 1688 3239 1782 3281; x_wconf 86' lang='lat' dir='ltr'>and</span> <span class='ocrx_word' id='word_1_322' title='bbox 1801 3239 1840 3281; x_wconf 91' lang='lat' dir='ltr'>is</span> <span class='ocrx_word' id='word_1_323' title='bbox 1861 3238 2126 3282; x_wconf 88' lang='lat' dir='ltr'>conducted</span> 
     </span>
     <span class='ocr_line' id='line_1_37' title="bbox 287 3304 2054 3363; baseline 0.003 -18"><span class='ocrx_word' id='word_1_324' title='bbox 287 3304 338 3346; x_wconf 90' lang='lat' dir='ltr'>in</span> <span class='ocrx_word' id='word_1_325' title='bbox 356 3317 385 3346; x_wconf 89' lang='lat' dir='ltr'>a</span> <span class='ocrx_word' id='word_1_326' title='bbox 408 3317 604 3347; x_wconf 90' lang='lat' dir='ltr'>manner</span> <span class='ocrx_word' id='word_1_327' title='bbox 622 3305 764 3348; x_wconf 86' lang='lat' dir='ltr'>much</span> <span class='ocrx_word' id='word_1_328' title='bbox 782 3307 1064 3363; x_wconf 86' lang='lat' dir='ltr'>resembling</span> <span class='ocrx_word' id='word_1_329' title='bbox 1083 3307 1201 3351; x_wconf 82' lang='lat' dir='ltr'>that.</span> <span class='ocrx_word' id='word_1_330' title='bbox 1261 3308 1351 3351; x_wconf 85' lang='lat' dir='ltr'>See</span> <span class='ocrx_word' id='word_1_331' title='bbox 1370 3307 1468 3351; x_wconf 88' lang='lat' dir='ltr'>also</span> <span class='ocrx_word' id='word_1_332' title='bbox 1488 3307 1590 3352; x_wconf 89' lang='lat' dir='ltr'>Art.</span> <span class='ocrx_word' id='word_1_333' title='bbox 1617 3313 1659 3359; x_wconf 89' lang='lat'>2,</span> <span class='ocrx_word' id='word_1_334' title='bbox 1680 3308 1735 3351; x_wconf 87' lang='lat' dir='ltr'>of</span> <span class='ocrx_word' id='word_1_335' title='bbox 1752 3308 1885 3351; x_wconf 88' lang='lat' dir='ltr'>these</span> <span class='ocrx_word' id='word_1_336' title='bbox 1905 3312 2054 3351; x_wconf 78' lang='lat' dir='ltr'>notes,</span> 
     </span>
    </p>

    <p class='ocr_par' dir='ltr' id='par_1_7' title="bbox 288 3373 2125 3713">
     <span class='ocr_line' id='line_1_38' title="bbox 376 3373 2124 3432; baseline 0.003 -16"><span class='ocrx_word' id='word_1_337' title='bbox 376 3373 531 3417; x_wconf 89' lang='lat' dir='ltr'>There</span> <span class='ocrx_word' id='word_1_338' title='bbox 570 3374 609 3417; x_wconf 87' lang='lat' dir='ltr'>is</span> <span class='ocrx_word' id='word_1_339' title='bbox 639 3379 772 3431; x_wconf 89' lang='lat' dir='ltr'>great</span> <span class='ocrx_word' id='word_1_340' title='bbox 807 3375 978 3432; x_wconf 87' lang='lat' dir='ltr'>weight</span> <span class='ocrx_word' id='word_1_341' title='bbox 1006 3377 1057 3418; x_wconf 92' lang='lat' dir='ltr'>in</span> <span class='ocrx_word' id='word_1_342' title='bbox 1086 3377 1158 3421; x_wconf 87' lang='lat' dir='ltr'>his</span> <span class='ocrx_word' id='word_1_343' title='bbox 1187 3377 1374 3421; x_wconf 86' lang='lat' dir='ltr'>remark</span> <span class='ocrx_word' id='word_1_344' title='bbox 1398 3377 1512 3421; x_wconf 92' lang='lat' dir='ltr'>here</span> <span class='ocrx_word' id='word_1_345' title='bbox 1550 3378 1701 3429; x_wconf 89' lang='lat' dir='ltr'>made,</span> <span class='ocrx_word' id='word_1_346' title='bbox 1741 3377 1847 3421; x_wconf 89' lang='lat' dir='ltr'>that</span> <span class='ocrx_word' id='word_1_347' title='bbox 1877 3377 1960 3421; x_wconf 87' lang='lat' dir='ltr'>the</span> <span class='ocrx_word' id='word_1_348' title='bbox 1989 3379 2124 3421; x_wconf 85' lang='lat' dir='ltr'>attri-</span> 
     </span>
     <span class='ocr_line' id='line_1_39' title="bbox 288 3443 2125 3506; baseline 0.002 -19"><span class='ocrx_word' id='word_1_349' title='bbox 288 3444 425 3488; x_wconf 88' lang='lat' dir='ltr'>butes</span> <span class='ocrx_word' id='word_1_350' title='bbox 446 3444 500 3487; x_wconf 84' lang='lat' dir='ltr'>of</span> <span class='ocrx_word' id='word_1_351' title='bbox 519 3443 601 3487; x_wconf 91' lang='lat' dir='ltr'>the</span> <span class='ocrx_word' id='word_1_352' title='bbox 621 3444 765 3497; x_wconf 90' lang='lat' dir='ltr'>mind,</span> <span class='ocrx_word' id='word_1_353' title='bbox 789 3445 894 3488; x_wconf 89' lang='lat' dir='ltr'>that</span> <span class='ocrx_word' id='word_1_354' title='bbox 917 3445 970 3496; x_wconf 90' lang='lat' dir='ltr'>is,</span> <span class='ocrx_word' id='word_1_355' title='bbox 988 3445 1071 3488; x_wconf 90' lang='lat' dir='ltr'>the</span> <span class='ocrx_word' id='word_1_356' title='bbox 1090 3447 1291 3499; x_wconf 88' lang='lat' dir='ltr'>Powers,</span> <span class='ocrx_word' id='word_1_357' title='bbox 1312 3447 1494 3498; x_wconf 89' lang='lat' dir='ltr'>Habits,</span> <span class='ocrx_word' id='word_1_358' title='bbox 1519 3447 1613 3489; x_wconf 88' lang='lat' dir='ltr'>and</span> <span class='ocrx_word' id='word_1_359' title='bbox 1635 3446 1761 3498; x_wconf 89' lang='lat' dir='ltr'>Acts,</span> <span class='ocrx_word' id='word_1_360' title='bbox 1780 3461 1861 3491; x_wconf 89' lang='lat' dir='ltr'>are</span> <span class='ocrx_word' id='word_1_361' title='bbox 1886 3452 1936 3492; x_wconf 84' lang='lat' dir='ltr'>so</span> <span class='ocrx_word' id='word_1_362' title='bbox 1961 3449 2125 3506; x_wconf 82' lang='lat' dir='ltr'>nearly</span> 
     </span>
     <span class='ocr_line' id='line_1_40' title="bbox 288 3514 2125 3573; baseline 0.003 -16"><span class='ocrx_word' id='word_1_363' title='bbox 288 3514 471 3558; x_wconf 84' lang='lat' dir='ltr'>related</span> <span class='ocrx_word' id='word_1_364' title='bbox 500 3515 550 3556; x_wconf 90' lang='lat' dir='ltr'>in</span> <span class='ocrx_word' id='word_1_365' title='bbox 570 3519 752 3564; x_wconf 88' lang='lat' dir='ltr'>nature,</span> <span class='ocrx_word' id='word_1_366' title='bbox 784 3515 877 3558; x_wconf 88' lang='lat' dir='ltr'>and</span> <span class='ocrx_word' id='word_1_367' title='bbox 902 3528 953 3558; x_wconf 89' lang='lat' dir='ltr'>so</span> <span class='ocrx_word' id='word_1_368' title='bbox 983 3515 1157 3573; x_wconf 84' lang='lat' dir='ltr'>closely</span> <span class='ocrx_word' id='word_1_369' title='bbox 1177 3516 1422 3572; x_wconf 89' lang='lat' dir='ltr'>conj0ined</span> <span class='ocrx_word' id='word_1_370' title='bbox 1443 3517 1493 3559; x_wconf 91' lang='lat' dir='ltr'>in</span> <span class='ocrx_word' id='word_1_371' title='bbox 1521 3516 1647 3560; x_wconf 90' lang='lat' dir='ltr'>their</span> <span class='ocrx_word' id='word_1_372' title='bbox 1670 3531 1754 3561; x_wconf 87' lang='lat' dir='ltr'>use</span> <span class='ocrx_word' id='word_1_373' title='bbox 1784 3518 1878 3560; x_wconf 88' lang='lat' dir='ltr'>and</span> <span class='ocrx_word' id='word_1_374' title='bbox 1908 3519 2125 3570; x_wconf 67' lang='lat' dir='ltr'>exemisse,</span> 
     </span>
     <span class='ocr_line' id='line_1_41' title="bbox 290 3583 2125 3643; baseline 0.002 -15"><span class='ocrx_word' id='word_1_375' title='bbox 290 3583 395 3628; x_wconf 89' lang='lat' dir='ltr'>that</span> <span class='ocrx_word' id='word_1_376' title='bbox 432 3585 471 3627; x_wconf 91' lang='lat' dir='ltr'>it</span> <span class='ocrx_word' id='word_1_377' title='bbox 502 3585 541 3628; x_wconf 90' lang='lat' dir='ltr'>is</span> <span class='ocrx_word' id='word_1_378' title='bbox 579 3585 773 3628; x_wconf 87' lang='lat' dir='ltr'>difficult</span> <span class='ocrx_word' id='word_1_379' title='bbox 806 3590 856 3629; x_wconf 93' lang='lat' dir='ltr'>to</span> <span class='ocrx_word' id='word_1_380' title='bbox 889 3585 1024 3628; x_wconf 87' lang='lat' dir='ltr'>avoid</span> <span class='ocrx_word' id='word_1_381' title='bbox 1058 3586 1386 3642; x_wconf 86' lang='lat' dir='ltr'>confounding,</span> <span class='ocrx_word' id='word_1_382' title='bbox 1416 3591 1501 3629; x_wconf 90' lang='lat' dir='ltr'>not</span> <span class='ocrx_word' id='word_1_383' title='bbox 1534 3586 1643 3643; x_wconf 90' lang='lat' dir='ltr'>only</span> <span class='ocrx_word' id='word_1_384' title='bbox 1672 3587 1798 3631; x_wconf 89' lang='lat' dir='ltr'>their</span> <span class='ocrx_word' id='word_1_385' title='bbox 1832 3601 1993 3633; x_wconf 87' lang='lat' dir='ltr'>names</span> <span class='ocrx_word' id='word_1_386' title='bbox 2029 3589 2125 3632; x_wconf 89' lang='lat' dir='ltr'>and</span> 
     </span>
     <span class='ocr_line' id='line_1_42' title="bbox 292 3654 1686 3713; baseline 0.002 -16"><span class='ocrx_word' id='word_1_387' title='bbox 292 3654 613 3711; x_wconf 87' lang='lat' dir='ltr'>appellations,</span> <span class='ocrx_word' id='word_1_388' title='bbox 633 3655 719 3698; x_wconf 87' lang='lat' dir='ltr'>but</span> <span class='ocrx_word' id='word_1_389' title='bbox 740 3656 837 3699; x_wconf 89' lang='lat' dir='ltr'>also</span> <span class='ocrx_word' id='word_1_390' title='bbox 862 3655 986 3699; x_wconf 90' lang='lat' dir='ltr'>their</span> <span class='ocrx_word' id='word_1_391' title='bbox 1009 3656 1108 3699; x_wconf 87' lang='lat' dir='ltr'>real</span> <span class='ocrx_word' id='word_1_392' title='bbox 1128 3656 1387 3713; x_wconf 87' lang='lat' dir='ltr'>properties</span> <span class='ocrx_word' id='word_1_393' title='bbox 1408 3656 1501 3699; x_wconf 91' lang='lat' dir='ltr'>and</span> <span class='ocrx_word' id='word_1_394' title='bbox 1517 3658 1686 3700; x_wconf 75' lang='lat' dir='ltr'>cffices.</span> 
     </span>
    </p>

    <p class='ocr_par' dir='ltr' id='par_1_8' title="bbox 294 3724 2125 3856">
     <span class='ocr_line' id='line_1_43' title="bbox 381 3724 2125 3774; baseline 0.002 -6"><span class='ocrx_word' id='word_1_395' title='bbox 381 3724 455 3768; x_wconf 92' lang='lat' dir='ltr'>He</span> <span class='ocrx_word' id='word_1_396' title='bbox 486 3725 601 3769; x_wconf 84' lang='lat' dir='ltr'>adds</span> <span class='ocrx_word' id='word_1_397' title='bbox 636 3725 741 3769; x_wconf 86' lang='lat' dir='ltr'>that</span> <span class='ocrx_word' id='word_1_398' title='bbox 774 3740 824 3770; x_wconf 90' lang='lat' dir='ltr'>as</span> <span class='ocrx_word' id='word_1_399' title='bbox 862 3726 1113 3770; x_wconf 77' lang='lat' dir='ltr'>Conscienco</span> <span class='ocrx_word' id='word_1_400' title='bbox 1128 3742 1165 3760; x_wconf 90' lang='lat'>=</span> <span class='ocrx_word' id='word_1_401' title='bbox 1184 3727 1456 3770; x_wconf 78' lang='lat' dir='ltr'>Con-science</span> <span class='ocrx_word' id='word_1_402' title='bbox 1484 3727 1524 3770; x_wconf 90' lang='lat' dir='ltr'>is</span> <span class='ocrx_word' id='word_1_403' title='bbox 1560 3741 1589 3770; x_wconf 90' lang='lat' dir='ltr'>a</span> <span class='ocrx_word' id='word_1_404' title='bbox 1623 3727 1738 3770; x_wconf 88' lang='lat' dir='ltr'>kind</span> <span class='ocrx_word' id='word_1_405' title='bbox 1774 3727 1830 3772; x_wconf 85' lang='lat' dir='ltr'>of</span> <span class='ocrx_word' id='word_1_406' title='bbox 1859 3727 2034 3774; x_wconf 77' lang='lat' dir='ltr'>Science</span> <span class='ocrx_word' id='word_1_407' title='bbox 2069 3742 2125 3773; x_wconf 90' lang='lat' dir='ltr'>or</span> 
     </span>
     <span class='ocr_line' id='line_1_44' title="bbox 294 3793 1998 3856; baseline 0.005 -20"><span class='ocrx_word' id='word_1_408' title='bbox 294 3793 592 3853; x_wconf 86' lang='lat' dir='ltr'>Knowledge,</span> <span class='ocrx_word' id='word_1_409' title='bbox 616 3809 685 3840; x_wconf 92' lang='lat' dir='ltr'>we</span> <span class='ocrx_word' id='word_1_410' title='bbox 704 3800 830 3841; x_wconf 89' lang='lat' dir='ltr'>must</span> <span class='ocrx_word' id='word_1_411' title='bbox 853 3797 955 3843; x_wconf 86' lang='lat' dir='ltr'>first</span> <span class='ocrx_word' id='word_1_412' title='bbox 975 3797 1185 3842; x_wconf 87' lang='lat' dir='ltr'>examine</span> <span class='ocrx_word' id='word_1_413' title='bbox 1204 3796 1329 3841; x_wconf 88' lang='lat' dir='ltr'>what</span> <span class='ocrx_word' id='word_1_414' title='bbox 1351 3797 1543 3841; x_wconf 84' lang='lat' dir='ltr'>Science</span> <span class='ocrx_word' id='word_1_415' title='bbox 1564 3811 1618 3841; x_wconf 92' lang='lat' dir='ltr'>or</span> <span class='ocrx_word' id='word_1_416' title='bbox 1637 3798 1924 3856; x_wconf 86' lang='lat' dir='ltr'>Knowledge</span> <span class='ocrx_word' id='word_1_417' title='bbox 1943 3799 1998 3844; x_wconf 79' lang='lat' dir='ltr'>is·</span> 
     </span>
    </p>
   </div>
  </div>
 </body>
</html>
