2482 4166
677 282 888 328 INDEX
928 281 1247 327 NOMINUM
1285 282 1369 326 ET
1408 281 1655 326 RERUM.

296 420 369 457 per
387 406 561 445 intendit
585 407 734 443 bonum
760 416 968 442 commune
986 405 1036 442 vi.
1058 405 1121 442 14.

296 469 476 506 subditus
494 478 573 504 non
588 471 648 505 est
662 467 745 515 ejus
757 467 923 503 idoneus
929 466 1054 514 judex
1071 465 1121 502 vi.

296 533 358 568 14.
404 530 563 579 justitia
596 529 829 566 universalis
863 529 916 565 ib.
966 527 1125 576 justitia

294 594 386 631 fidei
404 606 542 643 pacem
560 593 809 630 conscientiae
827 592 933 640 parit
950 591 1000 629 vi.
1020 594 1084 630 11.

666 709 706 745 Κ

249 786 436 833 Kn'rrus,
455 785 539 833 ejus
555 785 705 822 factum
723 797 759 822 v.
780 786 840 821 11.

250 848 481 886 Kohathitae
497 847 538 883 ii.
561 849 620 885 13.

667 942 701 978 L

250 1020 362 1065 Lnx,
374 1020 481 1056 unde
498 1019 605 1056 dicta
617 1031 656 1056 v.
669 1020 706 1063 3,
721 1019 779 1055 10.
800 1017 885 1066 ejus
900 1015 1077 1054 definitio
1089 1015 1130 1052 in

298 1092 445 1130 genere
453 1081 526 1127 ib.;
540 1081 619 1117 viii.
631 1081 694 1118 12.
711 1079 909 1128 duplicem
921 1078 1042 1114 habet
1053 1077 1130 1113 vim

297 1143 351 1181 ib.
367 1144 403 1180 5.
453 1143 557 1179 inter
572 1142 704 1190 legem
723 1141 948 1190 negativam
967 1143 1008 1177 et
1025 1139 1131 1176 affir-

301 1200 487 1242 mativam
502 1204 597 1252 quid
614 1204 771 1241 intersit
788 1203 840 1240 vi.
859 1205 920 1239 25.
959 1202 1069 1250 leges
1083 1201 1132 1238 de

301 1269 430 1317 primo
449 1267 615 1304 Naturae
643 1265 854 1303 dictamine
883 1265 937 1302 iv.
955 1265 1017 1301 25.
1067 1263 1132 1299 lex

302 1334 415 1368 vetus
433 1334 474 1367 et
501 1341 603 1366 nova
620 1329 716 1377 quid
734 1329 782 1366 iv.
801 1329 865 1366 27.
917 1339 996 1375 quo
1014 1338 1134 1363 sensu

303 1394 458 1431 dicatur
475 1391 606 1430 κανών
624 1392 675 1429 ib.
694 1392 731 1429 5.
784 1402 864 1440 quo
888 1402 1007 1427 sensu
1031 1389 1131 1426 obli-

304 1459 376 1504 get
392 1455 644 1492 terminative
667 1454 721 1492 ib.
740 1456 781 1490 et
808 1453 859 1490 iv.
881 1452 921 1490 5.
973 1451 1133 1500 quando

305 1519 460 1556 dicatur
483 1517 631 1566 injusta
648 1530 684 1554 v.
702 1517 741 1554 7.
769 1516 854 1565 ejus
878 1513 1134 1563 obligationis

303 1581 606 1617 fundamentum
630 1578 725 1627 quid
749 1578 800 1614 iv.
831 1578 878 1623 53
917 1589 951 1613 v.
971 1577 1020 1622 53
1054 1575 1132 1612 viii.

305 1644 367 1682 15.
416 1646 463 1680 ut
480 1653 599 1690 quem
618 1641 783 1688 obliget,
801 1639 896 1688 quid
910 1638 1136 1686 requiratur

303 1705 381 1741 viii.
401 1707 438 1741 2.
476 1715 557 1740 non
577 1703 731 1751 obligat
748 1702 855 1739 ultra
871 1701 1133 1738 intentionem

304 1765 544 1815 legislatoris
571 1765 646 1802 viii.
668 1766 730 1802 23.
772 1775 852 1800 non
876 1763 1031 1811 obligat
1061 1762 1136 1798 nisi

306 1840 373 1866 eos
401 1828 545 1877 quibus
573 1827 667 1863 data
697 1829 758 1863 est
783 1826 832 1863 iv.
853 1827 915 1862 21.
968 1836 1135 1861 consue-

305 1890 445 1927 tudine
478 1888 658 1937 superior
690 1888 746 1925 iii.
777 1889 837 1925 21.
889 1898 914 1924 a
946 1888 1137 1923 mandato

308 1953 508 2001 quomodo
531 1952 691 1989 differat
706 1964 740 1989 v.
759 1952 819 1988 24.
872 1962 897 1987 a
914 1950 1078 1987 consilio
1097 1952 1138 1986 et

311 2016 463 2053 monito
482 2015 534 2053 ib.
551 2015 588 2052 5.
632 2026 656 2051 a
678 2025 758 2051 non
781 2014 954 2050 habente
969 2013 1038 2060 jus
1056 2013 1139 2049 lata

310 2092 390 2118 non
410 2080 562 2127 obligat
578 2090 616 2114 v.
636 2079 696 2123 11,
714 2076 776 2121 16,
795 2078 857 2114 20.
908 2076 974 2113 lex
999 2076 1138 2121 omnis,

310 2147 507 2193 quatenus
528 2142 594 2177 lex
621 2143 694 2185 est,
720 2139 973 2187 obligationis
997 2138 1138 2175 induc-

307 2207 389 2244 tiva
406 2205 460 2242 ib.
479 2205 540 2250 10,
562 2202 630 2248 163
656 2202 707 2239 vi.
726 2203 790 2247 20,
808 2203 869 2238 21.
913 2201 963 2238 de
990 2201 1139 2249 ignotis

308 2280 388 2304 non
407 2266 548 2304 statuit
562 2265 614 2302 iv.
635 2266 694 2302 10.
746 2264 942 2312 Principis
960 2267 1021 2300 est
1039 2275 1140 2312 opus

310 2327 376 2364 vii.
394 2328 454 2363 10.
495 2325 546 2361 ad
562 2324 665 2372 legis
685 2322 898 2360 essentiam
918 2334 997 2371 quo
1021 2335 1141 2361 sensu

309 2389 509 2438 pertineat
542 2398 672 2436 poenae
703 2386 937 2424 constitutio
966 2386 1046 2423 viii.
1077 2388 1140 2427 10.

310 2452 395 2502 ejus
422 2451 479 2488 vis
508 2450 615 2487 unde
645 2449 820 2497 pendeat
849 2448 901 2487 ib.
955 2460 1142 2497 suprema

255 2524 260 2529 ·
312 2514 408 2562 quid
426 2514 628 2560 supponat
645 2523 683 2548 x.
706 2510 766 2549 16.
819 2510 914 2558 quid
932 2510 984 2547 sit
1006 2510 1057 2547 ib.
1077 2512 1139 2548 21.

310 2575 541 2624 permissiva
557 2573 651 2610 mali
668 2584 719 2610 an
741 2573 793 2609 sit
808 2573 919 2609 licita
941 2575 981 2609 et
999 2576 1140 2621 quate-

311 2650 386 2675 nus
403 2638 641 2685 obligatoria
656 2636 706 2673 vi.
726 2637 787 2681 18,
804 2637 867 2673 21.
911 2635 1051 2682 nequit
1068 2636 1139 2671 ob-

311 2701 451 2748 ligare,
469 2699 544 2735 nisi
561 2709 679 2746 quem
697 2697 834 2745 dirigit
851 2697 930 2734 viii.
951 2702 986 2736 7.
1039 2697 1140 2746 legis

312 2762 552 2811 permissivae
578 2760 793 2809 praeceptio
824 2760 977 2808 obligat
1001 2761 1052 2798 vi.
1079 2762 1143 2798 21.

312 2826 362 2862 de
379 2836 422 2861 re
439 2822 671 2871 impossibili
686 2822 781 2859 ferri
798 2833 878 2858 non
897 2822 1017 2859 debet
1034 2822 1083 2859 vi.
1106 2822 1140 2860 6.

312 2898 364 2923 an
392 2888 559 2934 propter
582 2884 798 2922 utilitatem
822 2884 1023 2932 publicam
1046 2885 1142 2922 ferri

313 2948 457 2984 debeat
473 2945 539 2983 lex
554 2945 703 2994 injusta
719 2944 770 2983 vi.
788 2946 848 2982 10.
889 2944 955 2981 lex
971 2957 1052 2981 non
1070 2957 1143 2994 po-

312 3012 394 3046 test
409 3011 543 3045 actum
554 3007 733 3056 jubendo
747 3007 912 3044 reddere
925 3007 1077 3044 licitum
1095 3019 1145 3044 ex

312 3070 451 3108 illicito
474 3070 525 3107 vi.
553 3071 617 3107 25.
658 3069 761 3116 legis
785 3068 953 3105 materia
976 3071 1145 3116 possunt

314 3144 399 3169 esse
436 3132 629 3169 virtutum
664 3141 991 3177 quarumcunque
1032 3133 1145 3167 actus

313 3193 365 3231 iit.
384 3193 421 3230 7.

266 3254 352 3291 Lex
370 3254 437 3291 Cn
444 3263 568 3301 a1s'r1,
588 3264 677 3301 quae
694 3252 898 3289 contineat
913 3252 964 3289 iv.
982 3253 1044 3289 32.

266 3316 351 3353 Lex
363 3315 449 3353 Dm
467 3314 755 3363 perfectissima
771 3313 892 3361 ii.12;
911 3314 1027 3360 v.26;
1045 3313 1097 3349 ix.
1108 3313 1145 3351 6.

317 3390 397 3427 quo
411 3377 571 3415 nomine
588 3380 749 3424 superet
758 3376 870 3424 leges
884 3376 1076 3413 humanas
1093 3375 1148 3414 ib.

317 3444 358 3479 et
374 3441 426 3479 vi.
447 3440 510 3480 19.

318 3505 414 3553 quid
426 3504 568 3553 jubeat
584 3503 623 3540 ii.
642 3504 703 3540 12.

319 3569 459 3603 contra
475 3577 561 3602 eam
581 3568 722 3614 peccet
740 3564 828 3613 quis
846 3564 900 3601 ib.

318 3631 366 3664 ut
392 3627 532 3675 regula
561 3627 762 3663 actionum
794 3626 853 3661 illi
877 3625 1150 3673 proponenda,

320 3689 389 3736 qni
398 3689 568 3736 gloriam
580 3689 667 3726 Dm
680 3688 867 3736 proponit
883 3687 956 3724 sibi
971 3689 1017 3724 ut
1032 3686 1151 3725 finem

320 3751 360 3789 ii.
387 3750 446 3790 16.

1978 273 2083 325 325

1253 404 1515 441 conscientias
1545 403 1700 451 obligat
1724 413 1797 451 per
1827 412 1870 440 se
1903 401 2087 439 absolute

1253 476 1296 503 v.
1314 467 1351 503 2.

1254 526 1515 575 protoplastis
1532 525 1758 562 hominibus
1773 525 1857 561 lata
1873 525 1956 561 viii.
1975 526 2037 561 24.

1206 589 1291 626 Lex
1321 589 1498 625 Mosaica
1518 588 1671 635 obligat
1695 586 1816 623 etiam
1842 586 2090 623 Christianos

1255 651 1306 688 iv.
1321 653 1383 688 31.
1404 650 1510 687 unde
1524 648 1780 697 obligativam
1795 647 1872 683 vim
1882 648 2025 684 habeat
2037 648 2088 685 ib.

1209 713 1295 751 Lex
1311 712 1491 758 Naturae,
1518 712 1560 747 in
1585 722 1656 747 suo
1674 721 1824 758 genere
1839 709 2019 757 perfecta
2035 709 2088 746 ix.

1260 776 1294 812 3.
1338 774 1473 810 eadem
1494 784 1583 821 quae
1600 772 1666 809 lex
1682 771 1848 808 rationis
1865 783 1902 808 v.
1923 770 1987 809 26.

1214 835 1346 884 Leges
1365 835 1542 884 poenales
1559 835 1610 872 vi.
1631 835 1667 871 1.

1211 898 1296 935 Lex
1304 898 1486 946 poenalis,
1495 909 1584 945 quae
1596 897 1648 933 sit
1656 897 1734 934 viii.
1744 898 1803 933 11.
1822 899 1863 933 et
1871 894 2093 944 quotuplex

1261 961 1339 998 viii.
1353 963 1412 998 13.
1441 972 1520 1009 quo
1532 963 1718 1008 respectu
1730 960 1885 996 dicatur
1895 958 1972 995 viii.
1993 960 2052 995 12.

1261 1023 1326 1059 lex
1345 1033 1445 1070 pure
1463 1022 1646 1070 poenalis,
1668 1021 1796 1069 qualis
1823 1021 1874 1058 sit
1900 1021 1985 1069 ejus
2009 1021 2094 1057 for-

1262 1096 1328 1121 ma
1362 1084 1415 1122 ib.
1467 1088 1602 1121 utrum
1646 1085 1799 1132 obliget
1840 1085 1890 1120 ad
1933 1095 2094 1132 poenam

1262 1150 1435 1192 tantum,
1460 1146 1523 1183 vel
1541 1146 1661 1182 etiam
1684 1146 1734 1182 ad
1756 1146 1913 1194 culpam
1932 1145 2013 1182 viii.
2031 1145 2095 1183 17.

1265 1208 1392 1245 omnis
1410 1208 1474 1244 lex
1492 1208 1660 1255 poenalis
1683 1207 1919 1256 disjunctiva
1942 1211 2002 1244 est
2015 1207 2097 1244 viii.

1264 1273 1324 1308 23.
1359 1269 1571 1319 tripliciter
1590 1273 1725 1317 potest
1743 1270 1982 1306 considerari
2008 1269 2061 1307 ib.

1263 1333 1329 1369 lex
1346 1332 1515 1381 poenalis
1532 1332 1650 1368 mista
1674 1335 1714 1368 et
1738 1331 1789 1368 ad
1812 1332 1970 1379 culpam
1988 1334 2031 1368 et
2046 1330 2098 1368 ad

1264 1406 1422 1443 poenam
1441 1394 1593 1441 obligat
1611 1393 1689 1430 viii.
1708 1395 1770 1430 24.

1267 1457 1368 1504 legis
1397 1455 1565 1504 poenalis
1597 1458 1869 1504 transgressor
1902 1459 2100 1504 quatenus

1266 1522 1452 1556 teneatur
1486 1519 1537 1555 ad
1570 1529 1731 1566 poenam
1754 1517 1842 1565 ipso
1865 1517 1973 1554 facto
2005 1518 2098 1554 sub-

1267 1580 1437 1618 eundam
1455 1580 1534 1617 viii.
1553 1580 1614 1617 25.

1218 1643 1348 1691 Leges
1374 1642 1507 1678 civiles
1528 1641 1619 1677 novi
1632 1640 1733 1689 juris
1752 1641 2031 1689 constitutivae,
2048 1654 2100 1679 an

1267 1704 1421 1752 antiqui
1439 1703 1687 1740 declarativae
1704 1702 1756 1739 vi.
1774 1704 1834 1739 22.

1219 1767 1350 1815 Leges
1364 1764 1891 1813 conventionales(Anglice‚
1900 1765 1980 1814 By.
1988 1767 2101 1815 laws)

1271 1831 1467 1876 quatenus
1485 1826 1666 1875 obligent
1682 1826 1761 1863 viii.
1778 1828 1840 1872 18,
1860 1828 1921 1866 19.

1221 1891 1351 1939 Leges
1375 1890 1462 1926 Dm
1488 1889 1668 1937 positivae
1690 1901 1770 1925 non
1797 1889 1979 1938 obligant
2003 1892 2103 1929 alios

1271 1963 1390 2000 quam
1409 1951 1435 1988 J
1438 1951 1571 1988 udaeos
1590 1964 1625 1988 v.
1644 1953 1706 1989 35.

1221 2014 1351 2062 Leges
1386 2013 1685 2059 Ecclesiasticae,
1714 2025 1802 2062 quae
1830 2015 1882 2052 vi.
1916 2016 1975 2054 26.
2038 2028 2105 2054 eas

1272 2076 1384 2125 cujus
1406 2076 1458 2113 sit
1485 2076 1681 2112 condendi
1706 2076 1773 2125 jus
1802 2077 1865 2114 vii.
1896 2080 1969 2125 303
1996 2080 2047 2116 ix.
2066 2082 2104 2117 2.

1271 2142 1512 2187 argumenta
1541 2137 1790 2175 Novatorum
1820 2140 2008 2178 adversus
2025 2153 2108 2180 eaS.

1271 2200 1337 2237 lex
1371 2200 1558 2245 humana,
1595 2201 1794 2248 quomodo
1837 2202 2049 2240 definiatur
2082 2214 2106 2240 a

1274 2262 1430 2299 Thoma
1463 2274 1502 2299 v.
1527 2264 1567 2299 4.
1619 2273 1699 2309 quo
1732 2263 1852 2300 modo
1880 2264 1984 2301 adda
2017 2264 2104 2313 ple-

1273 2336 1441 2372 rumque
1459 2324 1609 2372 aliquid
1625 2324 1707 2372 legi
1728 2325 1870 2362 divinae
1888 2327 1938 2363 vi.
1956 2327 1995 2366 9.

1224 2386 1354 2436 Leges
1371 2386 1570 2429 humanae,
1589 2397 1723 2423 earum
1737 2386 1826 2424 finis
1840 2388 2004 2425 ultimus
2017 2390 2107 2438 quis

1273 2462 1309 2488 v.
1327 2450 1399 2495 373
1424 2449 1476 2485 ix.
1498 2450 1532 2494 1,
1552 2449 1623 2494 153
1650 2460 1690 2485 x.
1707 2450 1747 2496 3,
1775 2449 1833 2487 15.
1883 2461 1936 2486 an
1961 2450 2014 2487 sit
2039 2462 2107 2488 ea-

1273 2522 1361 2547 rnm
1381 2521 1477 2548 usus
1499 2510 1643 2558 aliquis
1669 2510 1913 2548 necessarius
1942 2512 1996 2550 ix.
2012 2514 2050 2559 2,
2066 2515 2108 2552 3.

1272 2573 1305 2610 si
1344 2573 1504 2621 quidem
1533 2572 1670 2620 justae,
1706 2576 1800 2610 sunt
1832 2573 1935 2621 legis
1964 2574 2108 2612 divinae

1271 2634 1517 2683 α’ποφυάδες
1534 2635 1587 2671 ix.
1605 2636 1642 2672 3.
1674 2635 1833 2683 quando
1852 2639 1894 2672 et
1911 2639 2108 2684 quatenus

1273 2698 1456 2746 obligent
1489 2698 1538 2736 iv.
1567 2699 1641 2744 103
1677 2710 1714 2735 v.
1743 2700 1853 2745 3—8,
1881 2701 1955 2745 233
1986 2701 2037 2738 vi.
2067 2703 2106 2739 3·-

1274 2772 1409 2797 earum
1424 2760 1617 2809 obligatio
1635 2772 1715 2797 non
1731 2761 1888 2798 sublata
1905 2773 1929 2798 a
1947 2761 2109 2800 Christo

1275 2834 1311 2861 v.
1329 2823 1390 2861 35.
1432 2823 1592 2871 injustae
1609 2834 1690 2860 non
1709 2824 1891 2872 obligant
1903 2837 1939 2863 v.
1961 2825 2000 2864 7.
2028 2837 2109 2862 non

1275 2890 1445 2934 possunt
1463 2887 1582 2923 certis
1599 2887 1750 2935 regulis
1768 2888 2052 2935 comprehendi
2069 2901 2109 2925 x.

1278 2948 1338 2986 16.
1390 2948 1486 2985 ferri
1503 2960 1582 2985 non
1606 2951 1787 2996 possunt,
1806 2949 1881 2984 nisi
1898 2960 1923 2985 a
1940 2960 2111 2997 persona

1276 3010 1450 3047 habente
1475 3009 1675 3057 publicam
1697 3009 1913 3046 coactivam
1930 3013 2110 3057 potesta-

1275 3075 1358 3108 tem
1377 3071 1441 3108 vii.
1460 3073 1498 3109 4.
1542 3073 1783 3119 potestatem
1808 3070 1956 3119 injuste
1981 3072 2108 3120 possi-

1278 3132 1408 3169 dentis
1426 3132 1586 3180 quando
1604 3133 1859 3169 observandae
1876 3144 1913 3169 v.
1932 3134 1995 3170 20.
2047 3134 2111 3170 in-

1278 3193 1408 3242 telligi
1418 3194 1468 3230 ab
1481 3194 1664 3230 omnibus
1674 3195 1822 3232 debent
1830 3194 1907 3231 viii.
1917 3196 1954 3233 2.
1974 3206 2110 3233 earum

1278 3255 1558 3304 multiplicatio
1586 3255 1837 3293 incommoda
1863 3257 2112 3305 Reipublicae

1279 3316 1357 3353 viii.
1379 3317 1440 3356 19.
1485 3328 1619 3353 earum
1643 3317 1868 3355 immutatio
1893 3330 2015 3366 quare
2040 3331 2112 3368 pe-

1280 3379 1451 3415 riculosa
1471 3379 1524 3415 ix.
1544 3381 1603 3417 13.
1637 3391 1663 3416 a
1676 3381 1827 3428 populo
1844 3382 2004 3428 quando
2021 3385 2113 3419 ten-

1281 3440 1405 3476 tanda
1428 3440 1482 3477 ib.
1506 3441 1565 3477 14.
1601 3451 1652 3476 an
1681 3441 1837 3488 possint
1863 3442 1986 3490 priori
2010 3444 2113 3481 obli-

1281 3502 1435 3551 gationi
1470 3513 1612 3539 novam
1647 3503 1955 3551 superinducere
1983 3517 2021 3542 v.
2053 3507 2112 3544 10.

1282 3565 1545 3614 benigniusne
1590 3576 1641 3602 an
1693 3566 1868 3603 strictius
1915 3568 2113 3616 interpre-

1283 3628 1415 3665 tandae
1441 3628 1521 3664 sint
1537 3628 1616 3665 viii.
1636 3627 1700 3667 17.
1767 3628 1915 3677 injusta
1938 3629 2004 3666 lex
2032 3641 2113 3667 non

1285 3693 1419 3739 potest
1434 3690 1543 3728 licite
1560 3691 1705 3728 servari
1723 3692 1772 3728 vi.
1794 3693 1853 3730 13.
1880 3695 2015 3740 potest
2028 3704 2114 3732 esse

1284 3752 1432 3801 injusta
1448 3764 1496 3790 ex
1513 3753 1724 3802 multiplici
1742 3765 1859 3791 causa
1875 3754 1927 3791 ib.
