2482 4166
410 234 516 289 272
656 243 742 286 DE
783 243 1010 289 LEGUM
1050 243 1472 290 HUMANARUM
1514 244 1718 290 CAUSA
1756 246 1992 297 FINALI.

409 371 504 424 sibi
534 373 699 440 finem
733 370 1051 442 propositum
1090 371 1284 425 habere
1323 372 1492 435 debet,
1541 375 1821 428 Commune
1851 378 2078 438 Bonum,
2119 393 2238 446 pro-

409 471 591 507 curare
613 461 861 524 quantum
882 453 936 506 in
956 472 1011 507 se
1032 460 1126 517 est,
1146 457 1516 524 praecipiendo
1538 473 1711 509 omnes
1733 456 1956 510 omnium
1975 461 2238 511 virtutum

409 547 578 598 actus,
608 542 668 589 ut
696 553 869 589 omnes
898 535 1032 589 cives
1061 536 1163 589 sint
1190 539 1326 598 boni,
1358 543 1411 589 et
1429 539 1762 606 prohibendo
1792 539 1962 592 omnia
1989 551 2234 611 peccata,

408 619 565 688 nequi
594 617 696 671 sint
731 620 883 673 mali.
972 618 1035 671 Id
1065 619 1202 688 quod
1244 618 1505 688 postulare
1540 618 1781 672 videntur
1824 639 1856 673 a
1893 624 2237 694 Mayistratu

398 703 626 770 politico
655 707 874 770 uterque
910 718 1126 771 magnus
1156 699 1469 768 Apostolus:
1512 702 1745 762 Paulus,
1778 705 1930 755 Rom.
1961 704 2066 757 xiii.
2098 707 2150 767 3,
2182 706 2234 768 4,

409 785 529 836 Fac
565 785 770 844 bonum,
815 793 864 834 et
902 783 1120 834 habebis
1166 782 1378 833 laudem
1398 800 1414 832 .·
1457 782 1545 833 sin
1583 783 1788 834 malam
1816 786 2036 852 feceris,
2075 788 2199 839 time
2213 807 2234 848 ,-

408 867 542 934 quia
587 867 784 917 ‘vindex’
823 873 899 917 est
940 865 1000 914 in
1042 864 1189 914 iram
1231 864 1314 933 τῷ
1347 858 1417 916 τὸ
1461 858 1619 917 κακὸν
1667 860 2004 937 πράσσοντι,
2049 869 2099 920 ei
2141 870 2236 937 qui

407 946 613 999 malum
634 947 849 1015 fecerit,
884 943 916 997 i.
937 962 980 997 e.
1021 942 1180 996 cuivis
1209 943 1401 996 homini
1430 943 1518 1013 qui
1547 945 1764 1014 quodvis
1800 946 1991 999 malum
2020 948 2232 1012 fecerit3

408 1034 460 1079 et
488 1030 706 1088 Petrus,
737 1029 767 1077 1
788 1029 912 1082 Pet.
943 1025 995 1077 ii.
1027 1026 1114 1088 14,
1160 1026 1229 1081 εἷς
1260 1019 1525 1090 ἐκδίκησιν
1556 1023 1652 1093 μὲν
1680 1031 1981 1083 κακοποιῶν
2017 1024 2236 1087 ἔπαινον

406 1103 461 1163 δὲ
493 1105 871 1181 ἀγαθοποιῶν,
901 1110 962 1160 in
990 1109 1291 1160 vindictam
1318 1109 1460 1160 male
1489 1111 1763 1177 ayentium
1792 1121 1841 1167 et
1871 1113 2084 1166 laudem
2115 1115 2236 1166 bene

406 1193 694 1260 ayentium,
733 1190 765 1242 i.
787 1209 832 1243 e.
866 1189 1090 1242 omnium
1119 1189 1252 1242 male
1279 1189 1559 1261 agentium,
1591 1197 1644 1244 et
1673 1191 1895 1245 omnium
1920 1195 2051 1247 bene
2079 1212 2236 1266 agen-

404 1272 548 1326 tium.
625 1272 917 1343 Utrobique
946 1271 1081 1324 enim
1109 1273 1382 1340 indefinite
1411 1272 1734 1326 enunciatum
1760 1275 2088 1346 aequipollere
2116 1279 2236 1329 uni-

404 1357 620 1418 versali,
666 1362 719 1409 et
753 1354 971 1427 Regulae
1010 1353 1408 1407 Dialecticorum
1437 1372 1710 1408 consonum
1754 1363 1847 1419 est,
1893 1358 1967 1426 (in
2000 1361 2236 1412 materia

405 1437 593 1491 scilicet
621 1439 962 1506 necessaria)
1001 1443 1054 1490 et
1088 1436 1341 1491 voluntati
1369 1435 1486 1500 Dei,
1535 1437 1623 1508 qui
1651 1438 1985 1511 Magistratui
2022 1464 2236 1517 προσω-

405 1521 698 1594 ποληψὶαν
725 1519 1006 1573 interdixit.

504 1603 569 1656 V.
618 1604 722 1654 Pro
741 1601 1069 1671 responsione
1092 1600 1203 1653 dico
1218 1603 1401 1672 primo
1421 1608 1473 1655 et
1493 1601 1822 1674 generaliter,
1842 1606 2235 1674 Leyislatorem

403 1684 570 1738 teneri
597 1702 692 1754 pro
721 1683 856 1737 virili
880 1701 973 1736 sua
1001 1690 1151 1754 parte
1177 1701 1470 1753 procurare,
1501 1690 1560 1737 ut
1589 1703 1763 1738 omnes
1792 1686 1929 1740 cives
1961 1687 2063 1740 sint
2094 1689 2231 1750 boni,

402 1765 528 1819 nulli
556 1773 730 1820 autem
756 1767 893 1818 mali
914 1788 933 1826 ‚-
981 1772 1033 1818 et
1068 1782 1163 1835 per
1208 1783 1522 1834 consequens
1540 1769 1840 1836 praecipere
1876 1787 2049 1822 omnes
2071 1769 2233 1821 virtu-

401 1853 512 1900 tum
541 1854 701 1911 actUS,
736 1854 789 1900 et
815 1847 984 1900 omnia
1012 1853 1223 1918 peccata
1246 1849 1527 1916 prohibere
1545 1867 1562 1899 .·
1602 1855 1850 1918 quantum
1898 1850 2060 1923 exigit
2097 1850 2230 1903 ratio

391 1931 668 1999 principii
712 1947 777 1981 ex
816 1946 933 1998 quo,
981 1936 1034 1980 et
1069 1930 1204 1995 finis
1242 1936 1456 1999 propter
1496 1947 1648 1999 quem
1694 1938 1972 2000 operatur;
2016 1931 2231 1985 ulterius

403 2029 528 2064 vero
557 2029 661 2063 non
688 2010 869 2063 teneri.
948 2011 1294 2079 Principium
1323 2010 1457 2062 enim
1488 2017 1542 2063 et
1568 2013 1745 2074 Finis,
1776 2012 1830 2064 in
1851 2013 2231 2083 operationibus

402 2093 624 2145 omnium
655 2092 762 2146 sive
791 2092 1097 2145 naturaliter
1126 2091 1235 2145 sive
1272 2091 1436 2144 libere
1477 2092 1756 2163 agentium,
1797 2094 2071 2164 adaequata
2112 2102 2231 2148 sunt

400 2194 653 2228 mensura
691 2186 911 2228 actuum
952 2173 1176 2226 omnium
1211 2173 1665 2228 intermediorum:
1709 2174 1761 2226 in
1790 2183 2038 2245 quantum
2078 2187 2231 2230 actus

398 2256 512 2310 illos
555 2257 839 2310 conformes
878 2274 989 2309 esse
1025 2256 1172 2309 decet
1206 2262 1260 2309 et
1300 2255 1730 2326 proportionatOS,
1762 2275 1876 2310 cum
1894 2260 2177 2329 principio
2198 2276 2231 2311 a

400 2356 501 2408 quo
552 2339 854 2410 procedunt,
908 2346 1021 2391 tum
1061 2340 1169 2406 fini
1218 2337 1272 2389 in
1322 2355 1475 2407 quem
1531 2339 1767 2392 tendunt.
1854 2340 2015 2393 Actus
2068 2340 2228 2412 igitur

389 2423 770 2491 praecipiendi,
803 2422 1144 2491 prohibendi,
1170 2419 1443 2489 ceterique,
1467 2419 1521 2471 in
1550 2420 1733 2489 quibus
1755 2422 1981 2475 consistit
2001 2424 2231 2491 Leyum-

402 2504 585 2556 Zativoe
621 2505 1029 2570 jurisdictionis
1076 2501 1392 2564 exercitium,
1445 2501 1824 2571 proportionati
1872 2503 1974 2557 sint
2024 2510 2230 2574 oportet

399 2590 453 2636 et
496 2587 777 2653 principio
826 2603 934 2645 su0,
992 2583 1046 2635 in
1094 2583 1236 2652 cujus
1281 2583 1475 2636 virtute
1528 2583 1689 2646 fiunt3
1724 2587 1988 2654 potestati
2039 2585 2230 2637 scilicet

402 2661 799 2739 ὑπερεχούσαις
842 2662 1107 2735 ἐξουσίαις
1132 2682 1165 2716 a
1189 2665 1303 2716 Deo
1334 2681 1618 2718 concessae:
1663 2672 1715 2717 et
1743 2666 1833 2718 fini
1856 2684 1963 2731 5110,
2005 2666 2059 2719 111
2088 2666 2230 2736 cujus

399 2745 623 2816 gratiam
651 2745 812 2808 fiunt3
861 2747 990 2798 bono
1020 2745 1211 2797 scilicet
1248 2747 1540 2798 Communi.
1607 2747 1781 2799 Debet
1808 2747 2023 2817 proinde
2053 2748 2232 2820 Legis-

398 2827 534 2879 lator
559 2832 771 2880 eatenus
789 2829 1102 2896 prcecipere‚
1125 2827 1426 2895 prohibere,
1452 2829 1776 2894 permittere,
1809 2835 2084 2898 ceteraque
2114 2847 2230 2898 quae

398 2907 477 2960 5111
505 2915 625 2961 511111
654 2907 879 2961 muneris
907 2914 1189 2979 praestare3
1237 2913 1489 2976 quatenus
1517 2907 1756 2960 convenit
1774 2912 2037 2978 potestati
2064 2909 2161 2962 sibi
2198 2928 2230 2962 a

400 2990 515 3042 Deo
542 3008 810 3053 concessae,
839 2996 891 3043 et
920 2989 1197 3042 commissae
1226 2987 1323 3041 sibi
1351 3005 1383 3040 a
1405 2989 1519 3040 Deo
1550 2992 1924 3043 communitati
1952 2990 2175 3060 expedit.

522 3073 619 3126 VI.
701 3072 805 3125 Sed
839 3072 1118 3140 yeneralia
1158 3071 1270 3122 haec
1309 3075 1443 3131 sunt,
1490 3076 1543 3122 et
1581 3069 1862 3124 indefinita.
1950 3073 2027 3125 Ut
2069 3071 2230 3143 igitur

397 3156 559 3208 dubio
607 3153 869 3225 proposito
923 3151 1154 3214 satisfiat,
1206 3151 1431 3204 addatur
1487 3149 1680 3221 aliquid
1726 3159 1932 3223 oportet
1979 3154 2117 3224 quod
2164 3153 2230 3207 sit

488 3350 529 3388 5.
594 3346 690 3389 But
709 3358 777 3388 we
798 3358 879 3403 say
898 3345 948 3388 in
967 3346 1135 3404 Reply,
1149 3346 1287 3396 First,
1310 3346 1403 3389 and
1422 3345 1684 3402 generally3
1711 3344 1810 3388 The
1829 3345 2088 3402 Legislator
2106 3349 2230 3389 must

396 3416 657 3468 command,
682 3416 901 3473 prohibit,
926 3417 1109 3473 permit,
1134 3430 1184 3461 so
1209 3416 1284 3460 far
1308 3430 1371 3469 as,
1401 3416 1494 3459 and
1518 3430 1580 3460 no
1610 3415 1794 3459 further
1817 3415 1945 3467 than,
1969 3416 2007 3459 15
2032 3415 2229 3460 suitable

394 3490 444 3529 to
470 3486 551 3530 the
572 3500 727 3544 power
750 3487 948 3544 granted
978 3491 1027 3531 to
1062 3487 1173 3540 him,
1194 3487 1288 3531 and
1310 3491 1360 3531 to
1386 3486 1467 3531 the
1501 3486 1799 3543 Community
1823 3485 1974 3530 which
1998 3486 2059 3530 110
2084 3486 2228 3529 admi-

393 3556 574 3601 nisters.

487 3631 529 3670 6.
592 3626 836 3685 Secondly:
875 3628 976 3673 The
1005 3642 1160 3686 power
1181 3630 1236 3673 of
1258 3629 1340 3673 the
1364 3628 1624 3686 Legislator
1649 3628 1760 3671 does
1787 3632 1870 3671 not
1896 3626 2065 3671 extend
2090 3631 2139 3670 to
2159 3627 2228 3669 in-

394 3698 547 3738 ternal
578 3702 689 3749 acts,
711 3699 856 3755 (Will,
877 3700 1019 3751 Love,
1039 3700 1178 3752 Hate,
1211 3699 1356 3752 Grief,
1377 3700 1469 3743 and
1492 3699 1572 3743 the
1599 3696 1729 3752 like)
1759 3698 1845 3742 but
1872 3698 1982 3756 only
2001 3702 2051 3741 to
2077 3701 2226 3741 exter-

395 3765 473 3808 nal
494 3771 589 3810 acts
611 3768 723 3811 such
744 3782 792 3813 as
814 3783 893 3813 are
913 3770 1182 3826 performed
1202 3771 1265 3828 by
1284 3770 1365 3814 the
1385 3770 1545 3828 bodily
1569 3783 1745 3826 organs.
1802 3769 1963 3812 Hence
1987 3767 2068 3812 the
2092 3766 2226 3823 legis-
