2482 4166
774 239 777 243 ’
793 237 1175 283 PRAELEGTIO
1219 238 1469 283 TERTIA.
1988 233 2052 286 71

215 368 454 437 exempla
492 366 705 438 exigere
747 371 801 419 et
847 365 1182 418 conformare.
1252 364 1419 416 Recte
1461 364 1860 432 mAuyustinus,
1919 368 2056 420 Hoec

214 467 332 520 quoe
376 451 436 501 in
482 450 793 518 Scripturis
834 450 1055 501 Sanctis
1100 448 1336 515 leyimus,
1386 464 1492 498 non
1544 447 1664 498 ideo
1713 448 1846 515 quia
1894 449 2059 514 facta

214 533 494 593 credimus,
527 533 692 583 etiam
713 532 987 600 facienda
1025 531 1309 582 credamus
1327 547 1344 579 .·
1384 546 1448 581 ne
1484 529 1740 581 violemus
1758 540 2055 598 praecepta,

214 616 345 665 dum
391 615 606 683 passim
662 622 931 667 sectamur
987 612 1244 680 eoeempla.
1334 610 1441 663 Ubi
1498 616 1615 680 post
1663 609 1767 662 alia
1817 611 2056 680 quaedam

214 696 395 748 eodem
432 695 759 765 pertinentia,
795 695 870 748 ita
907 694 1119 747 tandem
1149 692 1439 755 concludit3
1483 694 1634 746 Unde
1671 703 1881 746 constat
1914 696 2057 762 quod

214 796 320 831 non
365 780 550 831 omnia
591 797 709 848 quoe
751 797 789 831 a
842 779 1062 830 Sanctis
1107 787 1157 830 et
1195 777 1367 844 justis
1417 777 1557 829 viris
1609 777 1832 845 leyimus
1865 777 2053 845 sacta,

217 863 513 930 transferre
567 862 812 914 debemus
868 862 946 912 ad
998 877 1183 912 mores.
1301 860 1475 929 Atque
1536 858 1786 911 hactenus
1858 858 1924 926 de
1981 877 2057 912 se-

215 945 388 996 cundo
430 949 606 996 nostro
650 953 980 1013 aryumentO,
1019 959 1053 994 a
1101 941 1399 994 difficultate
1434 940 1702 1011 judicandi
1741 941 1809 994 de
1853 939 2056 1011 piorum

214 1027 483 1095 exemplis,
526 1032 741 1096 propter
783 1027 1220 1079 incertitudinem
1262 1042 1380 1093 quae
1418 1024 1474 1075 in
1515 1023 1639 1094 ipsis
1682 1031 1777 1077 est.

343 1109 469 1163 XII.
559 1107 804 1177 Sequitur
860 1110 1092 1170 tertium,
1149 1125 1182 1159 a
1232 1106 1529 1159 difficultate
1582 1107 1683 1159 rite
1730 1108 2058 1176 applicandi

217 1191 433 1243 aliorum
477 1192 719 1259 eoeempla
763 1190 831 1242 ad
866 1208 950 1242 res
993 1196 1047 1242 et
1093 1188 1320 1241 actiones
1364 1196 1584 1250 nostraS,
1630 1198 1845 1258 propter
1885 1192 2056 1242 incer-

220 1275 505 1326 titudinem
539 1274 1095 1327 circumstantiarum.
1189 1272 1319 1334 Quae
1352 1289 1467 1323 cum
1506 1271 1608 1324 sint
1636 1270 1850 1324 infinitae
1888 1270 2057 1324 varie-

217 1356 356 1418 tatis,
397 1354 638 1407 infinities
667 1354 822 1408 etiam
862 1354 1068 1408 variant
1105 1354 1447 1406 humanarum
1475 1353 1731 1406 actionum
1762 1353 2053 1423 qualitates,

221 1438 375 1501 Quod
414 1445 493 1490 est
535 1440 596 1489 in
643 1440 792 1499 thesi,
837 1437 867 1490 i.
897 1455 945 1490 e.
992 1437 1057 1488 de
1102 1454 1193 1488 suo
1232 1453 1427 1506 genere
1473 1437 1683 1488 licitum
1723 1446 1773 1488 et
1811 1437 2053 1497 liberum,

215 1528 373 1589 atque
402 1519 557 1572 etiam
585 1519 659 1571 ita
687 1526 862 1571 manet
889 1521 950 1571 in
978 1519 1255 1588 hypothesi
1282 1517 1627 1585 (manentibus
1656 1516 1847 1570 scilicet
1875 1516 2057 1569 iisdem

216 1603 664 1670 circumstantiis)
717 1603 928 1654 licitum
984 1611 1034 1653 et
1093 1602 1334 1661 liberum,
1397 1601 1636 1666 (licitum
1692 1605 1868 1652 autem
1925 1599 2055 1662 dico,

215 1684 354 1753 quod
392 1683 501 1736 sine
546 1689 755 1753 peccato
790 1685 935 1751 fieri,
983 1684 1224 1745 liberum,
1271 1681 1411 1752 quod
1460 1681 1570 1734 sine
1605 1688 1818 1752 peccato
1861 1684 2055 1745 omitti,

216 1773 388 1837 potest
404 1767 440 1835 3)
479 1765 702 1837 idipsum
743 1765 939 1828 addita,
976 1765 1202 1835 dempta,
1241 1771 1333 1817 aut
1366 1764 1548 1834 quovis
1590 1765 1743 1817 modo
1786 1764 2057 1818 immutata

216 1849 300 1902 vel
356 1867 461 1902 una
518 1848 746 1918 qualibet
801 1850 1220 1901 circumstantia
1262 1847 1413 1900 reddi
1459 1853 1632 1918 potest
1678 1866 1706 1899 e
1755 1846 1894 1901 licito
1945 1849 2056 1900 illi-

216 1934 399 1996 citum,
445 1939 538 1984 aut
595 1950 624 1984 e
655 1931 844 1984 ‘libero
899 1933 1276 1984 necessarium.
1366 1931 1443 1982 Ut
1497 1929 1726 2000 quotidie
1782 1930 2057 1982 usuvenire

216 2014 471 2067 cernimus
527 2014 581 2065 in
636 2014 750 2066 foro
807 2013 1140 2075 contentiosa
1197 2031 1311 2065 cum
1368 2011 1503 2065 inter
1559 2018 1737 2082 partes
1793 2011 2058 2084 litigantes

217 2115 384 2149 causae
437 2103 696 2168 aguntum
754 2095 861 2148 Ubi
909 2096 977 2149 ab
1025 2095 1176 2147 unius
1225 2093 1390 2164 partis
1428 2093 1698 2147 vadvocato
1756 2093 1982 2147 citantur
2028 2113 2057 2147 e

216 2179 361 2232 libris
389 2178 443 2231 in
472 2197 639 2231 causae
669 2197 775 2231 suae
804 2177 1085 2231 subsidium
1117 2195 1293 2230 rerum
1319 2176 1668 2246 judicatarum
1688 2178 2057 2247 praecedentia

219 2262 299 2329 (ut
327 2263 532 2330 vocant)
563 2262 805 2330 exempla
824 2280 841 2313 .·
878 2259 1182 2331 responderi
1210 2259 1341 2313 solet
1368 2260 1435 2312 ab
1462 2259 1677 2313 alterius
1705 2260 1870 2330 partis
1898 2260 2057 2313 advo-

219 2351 349 2406 cat0,
394 2361 498 2396 non
545 2361 655 2396 esse
704 2343 923 2396 eandem
979 2342 1032 2394 in
1090 2349 1312 2412 utraque
1369 2347 1541 2395 causa.
1565 2343 1716 2411 juris
1772 2345 2056 2406 rationem,

218 2426 420 2479 variare
465 2428 922 2487 circumstantias,
966 2424 1088 2477 inde
1129 2424 1389 2477 immutari
1428 2444 1629 2489 casum,
1669 2444 1764 2478 nec
1794 2444 1910 2496 quae
1940 2425 2059 2478 olim

210 2508 442 2578 judicata
492 2508 717 2562 citantur
768 2509 837 2562 ad
881 2514 1193 2579 praesentem
1237 2508 1381 2560 litem
1438 2507 1717 2578 pertinere.
1815 2508 1971 2572 Quod
2016 2507 2059 2562 si

805 2699 834 2719 ¹¹¹
861 2696 1000 2729 contra
1017 2691 1285 2737 Mendacium,
1302 2703 1389 2740 cap.
1410 2692 1463 2727 ix.

305 2802 376 2840 12.
441 2797 585 2841 Third
601 2795 854 2855 Aryument
867 2812 880 2838 .·
912 2797 949 2839 it
969 2797 1007 2840 is
1030 2796 1222 2840 difficult
1243 2799 1291 2839 to
1308 2794 1451 2853 apply
1471 2793 1553 2837 the
1574 2792 1809 2850 examples
1831 2792 1886 2836 of
1901 2792 2058 2837 others

216 2873 266 2912 to
290 2881 375 2911 our
396 2882 499 2912 own
520 2882 638 2920 case,
663 2882 725 2912 on
749 2872 949 2912 account
970 2868 1025 2911 of
1043 2868 1125 2912 the
1145 2867 1443 2924 uncertainty
1479 2865 1533 2909 of
1562 2864 1644 2908 the
1681 2865 2054 2909 circumstances.

216 2939 360 2983 What
380 2940 429 2983 in
458 2939 541 2984 the
559 2940 751 2998 general
781 2953 886 2984 case
918 2953 1026 2998 may
1049 2939 1110 2983 be
1130 2938 1337 2996 lawfully
1360 2938 1481 2982 done
1503 2950 1557 2980 or
1576 2936 1727 2993 freely
1747 2935 1835 2979 left
1855 2936 2057 2988 undone,

216 3025 337 3069 may,
359 3012 421 3069 by
441 3011 523 3055 the
549 3011 761 3056 addition
781 3025 834 3055 or
853 3011 1142 3056 subtraction
1163 3010 1217 3054 of
1232 3024 1360 3055 some
1382 3010 1732 3060 circumstance,
1752 3006 1946 3050 become
1971 3021 2059 3050 un-

215 3082 374 3125 lawful
403 3097 456 3127 or
475 3096 732 3141 necessary.

309 3153 421 3196 This
441 3153 651 3210 happens
671 3155 722 3196 in
744 3154 963 3206 lawsuits‚
987 3154 1142 3198 where
1174 3153 1452 3211 precedents
1473 3165 1554 3195 are
1587 3150 1763 3208 quoted
1784 3164 1845 3194 on
1865 3148 1947 3192 the
1969 3163 2059 3193 one

219 3222 332 3274 side,
354 3223 447 3265 and
478 3224 516 3266 it
550 3224 589 3267 is
618 3224 800 3281 replied
820 3238 881 3267 on
911 3224 993 3268 the
1014 3225 1151 3269 other
1170 3225 1274 3268 that
1293 3224 1375 3268 the
1396 3223 1672 3280 precedents
1699 3222 1759 3264 do
1793 3224 1877 3264 not
1903 3220 2059 3277 apply,

218 3293 418 3337 because
453 3293 535 3336 the
573 3294 930 3339 circumstances
970 3309 1051 3339 are
1092 3296 1323 3347 different,
1357 3294 1451 3338 and
1485 3292 1722 3337 therefore
1765 3292 1847 3335 the
1879 3305 1983 3335 case
2018 3292 2058 3335 is

219 3364 413 3408 altered.
474 3364 647 3408 Fabius
678 3365 776 3408 said
802 3364 906 3408 that
936 3366 987 3408 in
1006 3366 1088 3410 the
1108 3366 1257 3410 whole
1279 3378 1442 3409 course
1474 3364 1529 3407 of
1547 3363 1780 3420 litigation
1799 3362 1933 3406 there
1962 3361 2059 3406 had

218 3449 361 3480 never
384 3435 507 3479 been
526 3441 617 3480 two
642 3450 769 3480 cases
790 3436 972 3493 exactly
995 3436 1145 3489 alike;
1175 3437 1269 3480 and
1298 3436 1449 3479 hence
1481 3448 1550 3478 we
1585 3448 1693 3493 may
1723 3434 1867 3492 easily
1903 3448 1979 3478 err
2008 3434 2058 3477 in

218 3507 440 3566 applying
462 3521 550 3551 one
572 3522 676 3552 case
701 3512 752 3551 to
778 3506 989 3551 another.

307 3579 548 3637 Example,
577 3579 627 3622 in
650 3578 889 3631 Rhetoric,
920 3579 958 3623 is
979 3592 1149 3636 among
1168 3577 1249 3622 the
1270 3578 1360 3623 last
1387 3577 1531 3622 forms
1567 3577 1621 3621 of
1648 3581 1908 3635 argument,
1930 3577 2058 3632 fitter

217 3653 268 3693 to
292 3649 520 3695 illustrate
546 3650 662 3695 than
682 3655 731 3695 to
753 3664 908 3709 prove.
