2482 4166
855 244 1237 290 PRAELEOTIO
1280 245 1548 290 OCTAVA.
2017 239 2119 291 249

289 373 576 429 communi:
616 371 941 443 explicandae
996 371 1075 424 rei
1130 370 1318 444 gratia,
1384 389 1489 423 non
1546 370 1648 424 erit
1708 371 1946 436 alienum,
1995 393 2121 427 non-

286 457 428 510 nulla
455 474 570 526 quae
598 454 948 527 praecognosci
976 453 1102 507 utile
1131 460 1224 515 est,
1255 452 1588 523 praemittere.
1657 452 1932 505 Sciendum
1960 455 2122 526 igitur

277 541 477 610 prime,
519 540 680 607 Zeyem
721 538 1000 590 humanam
1035 535 1307 606 positivam
1347 553 1462 587 eam
1502 534 1662 587 solam
1697 537 1966 604 poenalem
2006 537 2120 601 dici,

288 639 404 691 quae
454 639 519 673 ex
564 619 778 672 arbitrio
837 617 1173 691 Legislatoris
1210 635 1454 687 expresse
1496 617 1677 670 statuit
1729 616 1783 669 in
1832 623 2123 690 transgres-

287 720 428 755 sores
446 721 668 772 poenam
695 701 919 772 aliquam
951 701 1294 770 temporalem
1313 719 1331 751 .·
1369 699 1603 769 adeoque
1631 698 1686 751 in
1718 705 1829 752 tota
1862 699 1959 752 hac
1987 707 2123 753 trac-

286 784 496 847 tatione,
541 783 741 854 quoties
790 783 1014 836 occurrit
1059 801 1235 853 poenae
1280 781 1488 845 menti0‚
1547 799 1651 833 non
1708 781 1862 834 aliam
1906 781 2124 854 intelligi

288 885 491 938 poenam
543 866 641 919 nisi
697 867 1054 936 temporalem.
1158 863 1449 934 Dupliciter
1502 869 1675 916 autem
1732 863 1951 917 sumitur
2002 876 2124 918 tem-

278 951 499 1019 poralis
518 968 536 1001 .·
594 954 686 1001 aut
748 955 808 1001 ut
870 948 1172 1017 Spirituali
1243 946 1534 1017 opponitur,
1594 953 1686 999 aut
1741 953 1800 999 ut
1857 949 2121 1001 AEternoe.

288 1030 625 1100 Accipiuntur
669 1029 805 1082 enim
842 1029 953 1082 fere
998 1029 1052 1081 in
1103 1028 1355 1081 communi
1394 1046 1629 1081 sermone
1668 1035 1727 1082 ut
1769 1030 2001 1082 membra
2050 1029 2125 1082 in-

288 1112 452 1166 vicem
482 1111 939 1165 contradistincta:
983 1129 1117 1163 nunc
1150 1112 1469 1180 Spirituale,
1498 1117 1551 1163 et
1593 1113 1910 1181 Temporale
1926 1132 1946 1173 ;
1990 1131 2125 1164 nunc

289 1196 585 1248 AEternum
607 1205 657 1247 et
698 1195 1028 1263 Temporale.
1093 1193 1230 1256 Quin
1253 1212 1379 1265 ergo
1405 1195 1518 1246 tria
1549 1200 1667 1246 sunt
1696 1193 1900 1246 omnino
1937 1196 2125 1248 Poma-

288 1296 410 1329 rum
436 1295 672 1346 yenera;
717 1276 826 1329 sive
856 1276 969 1345 quis
997 1278 1209 1346 specie&
1242 1283 1334 1328 aut
1362 1278 1557 1338 modos,
1588 1283 1679 1329 aut
1702 1279 1912 1346 yradus
1955 1277 2127 1330 dicere

288 1358 448 1412 malit.
533 1358 788 1429 Quicquid
832 1358 966 1411 enim
1012 1361 1192 1411 Poenae
1235 1357 1438 1410 nomine
1484 1357 1640 1420 venit,
1685 1366 1777 1412 aut
1827 1366 1904 1413 est
1940 1362 2127 1428 primo

239 1452 258 1492 1
292 1443 461 1494 Poena
493 1442 821 1511 Spiritualis
836 1461 856 1502 ;
898 1440 1061 1510 qualis
1091 1447 1169 1493 est
1196 1440 1400 1493 amissio
1441 1440 1549 1493 sive
1579 1441 1808 1493 carentia
1850 1441 2036 1513 gratiae
2074 1448 2128 1494 et

289 1525 550 1576 amicitiae
588 1525 714 1585 Dei,
766 1523 873 1576 sive
914 1525 1114 1592 qaudii
1154 1524 1358 1575 interni
1404 1528 1458 1575 et
1504 1523 1860 1576 consolationis
1903 1541 2019 1593 quae
2062 1541 2127 1576 ex

234 1615 264 1657 2
290 1605 399 1674 ejus
428 1604 612 1677 gratiae
640 1603 981 1674 amicitiaeque
1010 1623 1162 1657 sensu
1192 1603 1374 1657 oritur.
1455 1604 1562 1657 Aut
1596 1611 1675 1657 est
1703 1607 1930 1658 secundo
1959 1608 2128 1658 Poena

289 1689 548 1749 AEterna,
596 1704 711 1756 quae
757 1686 985 1740 consistit
1030 1686 1221 1757 partim
1264 1685 1317 1738 in
1361 1692 1558 1739 aeterna
1594 1689 1843 1741 carentia
1874 1689 2129 1756 beatificae

288 1771 514 1823 visionis
556 1769 658 1821 Dei
704 1776 757 1822 et
802 1768 1011 1831 Christi,
1066 1767 1256 1839 partim
1304 1768 1359 1820 in
1413 1768 1620 1821 aeternis
1664 1772 1871 1839 inferni
1918 1773 2130 1823 crucia-

238 1862 266 1904 3
297 1853 454 1905 tibus.
536 1851 643 1904 Aut
687 1858 766 1905 est
807 1853 964 1904 tertio
1002 1854 1165 1904 Poena
1206 1853 1562 1921 TemporaliS,
1604 1852 1670 1904 ab
1706 1859 1926 1922 utraque
1969 1852 2130 1923 priori

294 1933 566 1997 distincta3
607 1952 723 2003 quae
753 1940 806 1987 et
848 1933 1077 2004 pertinet
1116 1933 1185 1986 ad
1215 1940 1405 1986 statum
1425 1936 1713 2003 proesentis
1740 1937 1881 1996 vitae,
1914 1941 1967 1987 et
1996 1934 2131 1987 circa

293 2036 487 2087 corpus
544 2035 603 2069 ac
653 2035 740 2069 res·
793 2027 1040 2069 externas·
1086 2022 1287 2068 tantum
1333 2021 1607 2078 versatum
1653 2034 1748 2069 nec
1786 2017 1920 2069 tollit
1966 2035 2031 2069 ex
2074 2035 2130 2070 se

292 2106 346 2151 et
374 2098 663 2151 necessario
694 2105 785 2151 aut
814 2117 1023 2151 sensum
1062 2097 1247 2169 gratiae
1276 2096 1395 2159 Dei,
1425 2104 1519 2149 aut
1553 2097 1677 2151 vitae
1705 2106 1918 2152 aeternae
1947 2118 2092 2169 spem
2113 2120 2129 2151 .·

292 2180 575 2250 cujusmodi
622 2187 742 2232 sunt
783 2182 1006 2232 amissio
1045 2182 1306 2249 pecuniae,
1348 2180 1587 2241 exilium,
1627 2200 1828 2243 career,
1873 2184 2128 2251 infamia,

292 2264 521 2315 minutio
571 2264 787 2331 capitis,
823 2263 1072 2330 flayella,
1121 2269 1175 2315 et
1222 2279 1338 2331 quae
1383 2268 1503 2314 sunt
1553 2261 1803 2332 ejusmodi
1852 2264 1969 2327 alia,
2020 2264 2133 2334 ipsa

293 2344 514 2414 denique
571 2363 716 2397 mors
772 2345 1088 2413 corporalis.
1179 2343 1448 2413 Ejusmodi
1501 2361 1769 2413 poenarum
1827 2364 1943 2416 quae
1999 2364 2132 2417 prae-

293 2426 456 2496 cipuae
484 2426 758 2488 habentur,
807 2433 861 2479 et
888 2425 1252 2496 frequentioris
1281 2433 1400 2478 sunt
1427 2443 1563 2489 usuS‚
1606 2429 1674 2481 ad
1703 2435 1924 2497 quatuor
1964 2429 2134 2499 capita

292 2515 619 2572 revocantur,
665 2511 799 2561 Ezr.
831 2507 916 2560 vii.
948 2509 1055 2571 263
1108 2511 1345 2562 Mortem
1383 2507 1592 2573 scilicet,
1638 2512 1908 2574 Exilium,
1953 2513 2134 2565 Amis-

293 2592 493 2643 sionem
524 2592 793 2653 bonorum,
824 2600 875 2643 et
911 2591 1206 2645 Car-cerem.

412 2673 537 2725 XII.
628 2672 902 2725 Sciendum
945 2675 1188 2735 seeundo,
1237 2677 1477 2737 Poenam,
1518 2681 1577 2729 ut
1620 2677 1790 2746 eulpae
1830 2676 2133 2747 oppositam,

292 2753 480 2807 iterum
527 2754 725 2808 duobus
774 2754 938 2808 modis
982 2754 1160 2826 accipi.
1231 2756 1526 2827 Aliquando
1564 2758 1700 2810 enim
1735 2758 1842 2811 late
1878 2765 1932 2812 et
1969 2769 2136 2812 mate-

294 2948 528 3006 expressly
572 2949 746 3006 assigns
795 2962 924 2993 some
969 2949 1201 3008 temporal
1241 2950 1435 3007 penalty
1474 2955 1525 2994 to
1570 2954 1920 3007 transgressors.
2008 2952 2134 2995 Tem-

286 3019 426 3077 poral
450 3020 488 3063 is
514 3019 720 3077 opposed
741 3024 791 3064 to
813 3019 1054 3077 Spiritual,
1076 3034 1130 3065 or
1150 3026 1199 3065 to
1216 3022 1424 3065 Eternal.
1491 3021 1645 3064 There
1669 3035 1750 3064 are
1771 3021 1905 3066 three
1924 3021 2062 3066 kinds
2088 3023 2143 3066 of

294 3090 617 3147 punishments
632 3107 641 3133 z

388 3155 460 3216 (1)
500 3159 725 3217 Spiritual
748 3160 1090 3212 Punishment3
1127 3160 1209 3204 the
1234 3161 1327 3205 loss
1353 3161 1407 3205 of
1427 3161 1508 3205 the
1533 3161 1794 3219 friendship
1820 3162 1876 3206 of
1897 3161 2017 3217 God,
2042 3165 2136 3207 and

296 3229 351 3273 of
370 3228 451 3272 the
475 3229 677 3272 internal
702 3230 992 3273 satisfaction
1012 3230 1182 3274 thence
1204 3232 1391 3288 arising.

387 3297 460 3356 (2)
497 3299 693 3342 Eternal
717 3299 1054 3352 Punishment3
1085 3302 1266 3345 eternal
1287 3303 1460 3360 misery
1481 3303 1530 3346 in
1555 3303 1640 3347 the
1660 3303 1806 3346 world
1825 3307 1875 3347 to
1901 3317 2048 3349 come.

388 3365 461 3426 (3)
499 3369 750 3426 Temporal
784 3370 1125 3423 Punishment3
1158 3373 1372 3416 confined
1404 3378 1453 3416 to
1491 3373 1574 3417 the
1609 3378 1800 3431 present
1836 3374 1934 3427 life,
1969 3377 2062 3420 and
2087 3381 2137 3421 to

296 3440 505 3484 external
529 3440 698 3497 things,
723 3439 872 3484 which
899 3441 1010 3485 does
1035 3446 1120 3485 not
1143 3444 1423 3501 necessarily
1447 3444 1557 3487 take
1579 3458 1708 3502 away
1728 3445 1880 3489 either
1899 3445 1980 3490 the
2005 3462 2139 3492 sense

297 3512 352 3555 of
374 3511 514 3555 God’s
538 3524 691 3568 grace,
717 3524 770 3554 or
803 3511 885 3555 the
909 3511 1033 3570 hope
1067 3513 1120 3556 of
1148 3514 1329 3557 eternal
1360 3514 1456 3558 life.
1526 3515 1638 3559 This
1675 3516 1713 3559 is
1749 3517 1924 3575 mainly
1954 3518 2009 3561 of
2031 3519 2140 3563 four

295 3581 462 3634 kinds3
492 3581 662 3634 Death,
686 3582 833 3634 Exile,
858 3583 973 3627 Loss
996 3584 1050 3627 of
1071 3584 1243 3636 Goods,
1264 3585 1641 3642 Imprisonment,
1666 3587 1769 3630 Ezr.
1798 3588 1874 3631 vii.
1902 3592 1973 3633 26.

391 3658 460 3696 12.
527 3652 741 3710 Secondly
755 3670 773 3702 ;
806 3653 906 3697 The
927 3654 1194 3699 distinction
1209 3655 1262 3699 of
1277 3656 1398 3699 fault
1415 3657 1508 3700 and
1524 3657 1839 3714 punishment,
1857 3659 1912 3703 of
1925 3660 2139 3718 culpable

297 3724 391 3769 and
414 3723 705 3784 punishable‚
736 3725 774 3769 is
804 3725 947 3770 taken
983 3730 1074 3771 two
1105 3740 1254 3785 ways:
1289 3728 1557 3774 sometimes
1589 3730 1810 3788 opposed,
1836 3731 2139 3789 punishment
