2482 4166
436 287 546 341 ‘298
850 294 1049 340 SALUS
1089 294 1330 341 POPULI
1371 296 1677 343 SUPREMA
1713 298 1859 343 LEX.

438 433 516 477 est
569 425 803 478 Senatui
855 427 1162 496 Populoque
1212 429 1473 490 Romano,
1532 439 1627 482 etc.
1723 429 1788 480 In
1843 426 2027 498 quibus
2072 428 2273 498 populi

438 524 627 559 nomen
656 509 857 577 equites
885 527 1005 561 cum
1031 511 1202 578 plebe,
1242 510 1341 561 hoc
1385 517 1477 572 est,
1524 517 1738 581 excepto
1781 513 2006 572 Senatu,
2047 511 2273 580 reliquos

439 588 576 641 cives
617 607 792 642 omnes
835 590 1205 660 complectitur.
1304 594 1503 654 Tertio,
1538 610 1634 662 pro
1669 593 1903 646 omnibus
1938 592 2161 645 omnium
2190 611 2273 645 or-
2294 599 2324 640 3

439 670 616 724 dinum
655 672 847 725 civibus
875 672 1330 736 indiscriminatim,
1350 676 1626 743 patriotae,
1663 677 1943 744 equitibus,
1975 676 2127 744 plebe
2145 698 2162 728 :
2207 692 2274 728 ex

438 753 520 806 his
565 754 700 806 enim
748 757 922 807 tribus
969 754 1249 816 ordinibuS‚
1299 761 1573 824 postquam
1619 756 1887 809 desiissent
1931 774 2043 809 esse
2086 759 2270 825 Reqes,

438 836 659 893 necdum
699 836 802 889 orti
840 842 1011 889 essent
1055 838 1431 904 Imperatore&
1479 835 1723 889 universa
1768 836 1949 890 civitas
1988 839 2270 891 constabat.

438 919 512 971 Et
556 918 611 970 in
639 919 736 971 hoc
780 936 951 980 senSU,
994 917 1244 987 siquidem
1288 924 1398 971 toto
1438 917 1525 970 illo
1568 918 1735 988 spatio
1780 918 1914 972 illius
1954 918 2274 989 Reipublicae

438 1011 615 1054 status
658 1006 772 1053 erat
805 1001 1111 1070 popularis,
1159 998 1483 1070 intelligendi
1533 1008 1653 1054 sunt
1702 1002 2055 1054 Romanarum
2098 1019 2274 1053 rerum

439 1082 731 1153 scriptoreS,
762 1082 963 1152 quoties
992 1082 1057 1134 de
1085 1083 1260 1135 salute
1295 1084 1580 1152 oliynitctte,
1620 1084 1900 1152 majestate
1931 1086 2123 1154 populi
2156 1102 2274 1136 con-

438 1165 699 1218 servanda
725 1164 924 1237 loquuti
951 1170 1085 1218 sunt.

565 1248 665 1300 IX.
751 1248 880 1299 Haec
928 1265 1026 1319 ego
1081 1246 1376 1319 diligentius
1431 1247 1584 1319 paulo
1642 1248 1889 1319 exposui3
1948 1267 2052 1301 non
2108 1247 2272 1301 solum

439 1329 561 1400 quia
585 1329 950 1383 vocabulorum
985 1329 1349 1400 plerorumque
1378 1330 1530 1401 hujus
1562 1331 1769 1403 generis
1806 1331 2032 1402 propriae
2070 1333 2273 1401 siqnifi-

440 1415 677 1466 cationes
718 1430 784 1465 ex
824 1411 933 1482 ejus
966 1412 1144 1482 populi
1172 1431 1268 1465 usu
1312 1414 1557 1484 pendent,
1598 1432 1631 1466 a
1669 1413 1853 1483 quibus
1889 1421 1942 1467 et
1971 1432 2121 1466 voces
2148 1414 2273 1483 ipsae

438 1495 507 1547 ad
535 1513 627 1547 nos
657 1494 905 1547 derivatae
933 1502 1073 1548 sunt:
1101 1495 1193 1547 sed
1222 1495 1376 1548 etiam
1406 1495 1508 1549 alia
1537 1496 1602 1549 de
1631 1514 1784 1549 causa
1813 1496 2015 1566 duplici.
2074 1495 2271 1557 Altera,
2298 1508 2321 1548 1

438 1594 505 1629 ne
534 1579 801 1646 ambiyuce
837 1580 982 1630 vocis
1019 1577 1186 1630 minus
1229 1578 1495 1630 commoda
1531 1578 1961 1648 interpretatione
1991 1578 2157 1648 decipi
2182 1596 2275 1631 nos

439 1665 494 1712 et
522 1658 878 1711 circumveniri
907 1659 1200 1728 patiamur:
1243 1659 1424 1722 altera,
1455 1678 1521 1712 ne
1549 1659 1604 1712 in
1641 1661 1782 1713 nuda
1809 1663 2011 1731 populi
2049 1660 2274 1730 appella·
2295 1673 2325 1714 2

438 1740 578 1794 tione
622 1741 699 1794 vis
737 1741 844 1803 fiat,
883 1740 937 1793 in
979 1740 1333 1811 praejudicium
1377 1741 1485 1811 ejus
1514 1741 1602 1812 qui
1626 1742 1865 1813 princeps
1894 1749 1973 1796 est
2001 1742 2275 1795 communi-

439 1823 578 1886 tatis,
618 1830 671 1876 et
696 1824 895 1894 populi
933 1834 1115 1893 caput.
1204 1824 1439 1886 Quarum
1477 1830 1699 1894 utraque
1729 1824 1907 1893 quanti
1936 1824 2003 1877 sit
2030 1824 2275 1876 momenti

439 1906 508 1958 ad
560 1923 672 1958 rem
717 1911 1039 1976 praesentem,
1088 1922 1154 1957 ex
1203 1905 1286 1958 his
1335 1922 1452 1975 quae
1492 1905 1603 1976 jam
1653 1905 1883 1959 dicturus
1926 1925 2054 1970 sum,
2100 1906 2275 1959 statim

439 1987 753 2059 intelligetis,

561 2072 630 2123 X.
710 2069 841 2122 Dico
869 2069 1046 2140 itaque
1074 2071 1276 2139 primm
1321 2070 1538 2139 gpoputz·
1569 2068 1888 2133 vocabulum,
1920 2072 2000 2139 (ut
2027 2070 2275 2141 pleraque

439 2152 541 2205 alia
568 2152 777 2205 nomina
804 2151 1184 2205 multitudinem
1207 2159 1548 2224 aggregatam
1571 2151 1950 2224 significantia,)
1975 2152 2105 2205 sumi
2126 2171 2275 2223 posse

439 2237 748 2305 dupliciter.
824 2235 925 2288 Vel
954 2235 1236 2296 collective,
1273 2240 1332 2287 ut
1371 2234 1622 2306 significet
1653 2244 1821 2287 totam
1846 2237 2276 2288 communitatem
2300 2248 2322 2290 1

438 2317 793 2388 Reipublicae3
844 2317 898 2370 id
955 2324 1049 2380 est,
1101 2315 1385 2387 principem
1435 2323 1490 2369 et
1534 2317 1764 2371 subditos
1813 2317 1995 2371 simul:
2035 2317 2119 2371 vel
2166 2320 2275 2371 dis·
2296 2329 2326 2371 2

440 2402 634 2454 cretive
679 2407 733 2453 et
776 2398 1004 2469 praecise,
1052 2407 1112 2452 ut
1148 2398 1400 2470 significet
1445 2400 1685 2453 subditos
1727 2406 1930 2453 tantum
1968 2406 2022 2452 et
2064 2399 2276 2451 seorsim

439 2501 472 2534 a
501 2482 671 2553 Rege.
757 2482 956 2534 Eodem
986 2481 1188 2533 omnino
1218 2481 1386 2543 m0d0,
1422 2498 1523 2551 quo
1563 2500 1755 2551 corpus
1796 2482 1878 2535 vel
1917 2480 2039 2534 dicit
2076 2481 2277 2550 reliqua

437 2567 677 2617 membra
718 2565 885 2618 simul
920 2581 1036 2616 cum
1076 2563 1278 2633 capite;
1323 2563 1406 2616 vel
1433 2565 1672 2616 membra
1699 2563 1788 2616 illa
1816 2563 2029 2635 praecise
2057 2570 2110 2615 et
2138 2580 2277 2615 seor-

438 2645 533 2698 sim
582 2663 616 2698 a
665 2646 864 2716 capite:
909 2647 982 2698 Et
1020 2646 1282 2698 Familiae
1325 2645 1602 2714 appellatio
1642 2663 1776 2698 nunc
1815 2663 1990 2698 omnes
2029 2644 2276 2714 complec-

439 2726 569 2780 titur
626 2727 714 2795 qui
772 2744 990 2779 unarum
1047 2732 1167 2778 sunt
1224 2725 1427 2788 aedium,
1485 2744 1716 2790 uxorem,
1782 2728 1985 2794 liberOS,
2041 2726 2273 2789 famuIOS,

968 2914 988 2943 g
1014 2907 1154 2957 [Conf.
1173 2919 1294 2957 supra
1310 2908 1429 2948 Prael.
1447 2918 1511 2945 1x.
1531 2908 1636 2946 Sect.
1653 2906 1737 2957 16.]

531 3037 572 3078 9.
637 3032 725 3077 We
753 3032 872 3077 have
896 3032 1034 3090 given
1057 3033 1151 3078 this
1176 3033 1439 3091 exposition
1466 3032 1522 3076 of
1545 3032 1709 3085 words,
1734 3035 1818 3076 not
1849 3031 1959 3089 only
1982 3031 2198 3085 because,
2222 3032 2273 3075 in

437 3104 552 3149 such
573 3118 713 3157 cases,
733 3104 815 3148 the
835 3118 1007 3162 proper
1026 3105 1245 3162 meaning
1267 3104 1321 3148 of
1336 3104 1486 3148 words
1509 3104 1715 3161 depends
1744 3117 1806 3146 on
1834 3103 1958 3146 their
1977 3102 2169 3161 history,
2186 3103 2273 3146 but

436 3176 548 3228 also,
579 3176 735 3234 partly
757 3176 862 3220 that
883 3190 950 3219 we
975 3190 1084 3233 may
1112 3181 1196 3219 not
1220 3176 1281 3220 be
1315 3175 1535 3219 deceived
1555 3175 1618 3233 by
1637 3174 1720 3219 the
1744 3188 1826 3218 use
1847 3173 1902 3217 of
1921 3188 1982 3217 an
2002 3174 2274 3231 ambiguous

436 3247 577 3299 word,
598 3247 692 3290 and
711 3247 867 3305 partly
887 3247 991 3290 that
1012 3247 1076 3305 by
1095 3247 1177 3290 the
1198 3260 1310 3304 very
1328 3251 1451 3290 term
1482 3247 1652 3304 Peopla
1672 3260 1701 3289 a
1725 3245 1964 3304 prejudice
1985 3259 2092 3303 may
2111 3249 2195 3289 not
2214 3244 2274 3289 be

435 3318 589 3362 raised
609 3319 789 3375 against
807 3318 907 3360 him
927 3318 1029 3361 who
1050 3319 1088 3362 is
1109 3317 1190 3361 the
1211 3318 1348 3361 Head
1369 3318 1423 3361 of
1438 3317 1520 3361 the
1539 3317 1731 3374 People.

529 3394 601 3434 10.
667 3390 767 3433 The
792 3389 921 3433 word
939 3389 1104 3447 Peopte
1131 3390 1169 3433 is
1188 3389 1304 3433 used
1324 3389 1373 3431 in
1398 3393 1488 3432 two
1510 3401 1694 3439 senses3
1726 3387 2026 3444 collectively,
2058 3387 2275 3442 meaning

434 3459 517 3503 the
546 3460 694 3504 whole
717 3460 1029 3517 Community,
1048 3460 1197 3503 Ruler
1228 3460 1323 3503 and
1356 3459 1583 3516 Subjects,
1617 3472 1671 3502 or
1703 3458 2028 3515 distinctively,
2055 3458 2274 3513 meaning

434 3530 516 3574 the
540 3532 751 3588 SubJ‘ects
774 3532 896 3588 only.
960 3529 1246 3585 [Sanderson
1266 3530 1361 3573 had
1381 3530 1571 3587 already
1591 3529 1739 3586 urged
1759 3528 1850 3572 this
1871 3529 2017 3585 point,
2037 3529 2182 3571 Proel.
2202 3539 2268 3571 1x.

438 3601 560 3645 Sect.
593 3606 663 3654 16,
690 3605 760 3648 17.
827 3603 901 3645 He
932 3601 1045 3645 here
1083 3602 1197 3644 adds
1229 3601 1364 3645 other
1393 3596 1736 3655 illustraffions]
1804 3599 1866 3642 So
1903 3599 2086 3655 Family
2122 3611 2272 3642 some-

435 3672 571 3716 times
597 3674 805 3717 includes
830 3673 913 3716 the
937 3673 1074 3717 Head
1100 3673 1155 3716 of
1174 3672 1255 3715 the
1280 3672 1474 3730 Family,
1500 3685 1549 3714 as
1575 3671 1709 3715 when
1730 3683 1797 3714 we
1827 3670 1971 3727 speak
1996 3670 2050 3713 of
2067 3684 2113 3713 so
2134 3681 2273 3724 many

434 3741 646 3786 Families
660 3760 677 3792 ;
724 3745 989 3788 sometimes
1020 3743 1237 3787 excludes
1262 3742 1374 3794 him,
1399 3756 1448 3787 as
1474 3742 1608 3786 when
1633 3755 1701 3785 we
1726 3740 1869 3799 speak
1894 3741 1949 3785 of
1981 3741 2072 3784 him
2093 3740 2188 3782 and
2206 3738 2271 3780 his
