2482 4166
871 693 1505 765 SUMMARIUM.

473 1161 1037 1217 PRAELECTIONIS
1093 1160 1352 1212 PRIMAE
1415 1157 1890 1212 SUMMARIUM.

266 1311 390 1354 Sacr.
408 1314 432 1353 1
614 1310 829 1353 Suscnpn
849 1308 997 1363 operis
1017 1306 1270 1351 consilium.

406 1384 434 1424 2
615 1378 907 1423 Conscientiae
929 1377 1145 1420 Definitio
1165 1375 1449 1432 proponitur.

406 1453 435 1494 3
615 1450 805 1492 Definiti
825 1448 1020 1491 Nomen.

407 1526 436 1565 4
456 1536 553 1577 sqq.
638 1550 800 1561 .........
824 1520 1014 1575 ejusque
1034 1518 1232 1562 nominis
1252 1518 1391 1573 origo.

405 1591 433 1639 7
454 1606 551 1647 sqq.
618 1590 694 1633 Ex
712 1589 834 1633 vocis
853 1587 1101 1647 [Scientia]
1123 1589 1437 1643 ambiguitate.

380 1666 436 1705 10
455 1677 554 1717 sqq.
620 1661 696 1703 Ex
714 1660 940 1703 illustrata
958 1664 1004 1702 et
1024 1659 1146 1702 vocis
1168 1656 1488 1715 [Conscientia]
1508 1656 1816 1713 homonymia.

378 1736 435 1776 14
614 1731 684 1774 De
706 1730 998 1773 Conscientiae
1018 1729 1209 1773 Genere.

724 1800 895 1843 OPINIO
917 1800 1091 1853 PmMA,
1113 1800 1235 1856 quod
1256 1800 1315 1843 sit
1333 1802 1485 1853 Actus,
1506 1800 1726 1856 rejicitur.

377 1878 432 1918 15
719 1870 889 1913 OPINIO
910 1871 1144 1923 SECUNDA,
1167 1871 1289 1926 quod
1310 1871 1368 1914 sit
1388 1873 1589 1915 Potentia
1605 1892 1616 1912 .-

378 1948 434 1989 16
808 1956 908 1997 quae
929 1942 1068 1984 etiam
1088 1941 1389 1997 improbatur.

377 2016 432 2062 17
726 2010 898 2053 OPINIO
919 2010 1120 2064 TERTIA,
1142 2012 1263 2066 quod
1284 2012 1342 2056 sit
1363 2015 1559 2058 Habitus
1581 2013 1784 2055 Innatus.

379 2090 435 2129 18
817 2082 908 2124 sive
936 2083 1171 2130 Facula&
1204 2083 1448 2126 statuitur:

380 2160 436 2200 19
1213 2158 1259 2196 et
1282 2154 1549 2209 explicatur.

378 2243 436 2282 20
579 2247 588 2259 ⁸
613 2235 904 2279 Conscientiae
926 2236 1173 2289 SubJectum
1195 2231 1245 2274 οὗ

379 2312 432 2351 21
1118 2306 1165 2345 et
1190 2305 1234 2348 ἐν
1258 2301 1306 2364 ᾦ.

377 2378 433 2419 22
456 2389 520 2431 sq.
619 2371 911 2416 Conscientiae
936 2372 1171 2425 objectum.

378 2448 435 2488 24
454 2459 550 2500 sqq.
615 2440 906 2485 Conscientiae
925 2441 1087 2483 Actus:
1122 2438 1399 2490 Primarius;

376 2517 433 2565 27
1126 2515 1171 2554 et
1193 2509 1465 2553 Secundarii.

376 2590 434 2630 28
614 2583 882 2629 Definiendo
903 2582 1119 2639 pleraque
1139 2580 1368 2625 obscurari
1387 2579 1546 2635 magis,
1562 2592 1701 2635 quam
1723 2578 1956 2623 illustrari.

410 3040 975 3095 PRAELECTIONIS
1036 3038 1406 3093 SECUNDAE
1461 3034 1940 3090 SUMMARIUM.

263 3188 388 3230 Smer.
408 3190 429 3229 1
453 3201 518 3242 sq.
608 3185 902 3229 Conscientiae
920 3187 1152 3240 respectus
1172 3183 1360 3239 duplex.

405 3261 434 3301 3
612 3256 795 3311 Regulae
815 3255 1108 3299 Conscientiae
1129 3254 1308 3298 fallaces
1328 3259 1374 3297 et
1394 3253 1672 3309 deceptoriae.

405 3330 435 3370 4
612 3325 686 3368 Ad
705 3325 957 3368 bonitatem
976 3324 1121 3368 Actus
1140 3338 1233 3367 non
1252 3323 1455 3367 sufficere
1475 3324 1641 3365 bonam
1664 3320 1970 3365 Intentionem
1983 3336 1999 3375 3

406 3401 433 3440 5
615 3395 840 3439 Probatur
859 3394 1027 3447 Primo,
1047 3408 1108 3436 ex
1126 3394 1236 3448 ipsis
1255 3393 1464 3448 Apostoli
1483 3392 1658 3434 Verbis.

407 3472 434 3513 6
453 3482 548 3524 sqq.
858 3464 1075 3516 Secundo,
1096 3477 1124 3507 a
1142 3464 1322 3507 Natura
1344 3463 1472 3506 Mali.

406 3542 435 3583 9
857 3535 1030 3587 Tertio,
1069 3549 1097 3577 a
1136 3533 1469 3577 conditionibus
1503 3532 1561 3576 ad
1591 3532 1841 3577 bonitatem
1872 3540 2000 3577 actus
2031 3548 2101 3578 re-

916 3604 1106 3661 quisitis.

378 3686 433 3726 10
453 3698 517 3739 sq.
612 3678 895 3737 (Objectioni
914 3677 1099 3721 interim
1120 3673 1414 3732 occurritur.)

377 3758 433 3797 12
869 3750 1059 3805 Quarto,
1081 3762 1108 3791 a
1128 3746 1304 3790 Divinae
1327 3745 1462 3801 Legis
1483 3745 1776 3791 perfectione.
