<?xml version="1.0" encoding="UTF-8"?>
<!DOCTYPE html PUBLIC "-//W3C//DTD XHTML 1.0 Transitional//EN"
    "http://www.w3.org/TR/xhtml1/DTD/xhtml1-transitional.dtd">
<html xmlns="http://www.w3.org/1999/xhtml" xml:lang="en" lang="en">
 <head>
  <title>
</title>
<meta http-equiv="Content-Type" content="text/html;charset=utf-8" />
  <meta name='ocr-system' content='tesseract 3.04.00' />
  <meta name='ocr-capabilities' content='ocr_page ocr_carea ocr_par ocr_line ocrx_word'/>
</head>
<body>
  <div class='ocr_page' id='page_1' title='image "./deobligationecon00sanduoft_0075.png"; bbox 0 0 2482 4166; ppageno 0'>
   <div class='ocr_carea' id='block_1_1' title="bbox 732 262 2024 326">
    <p class='ocr_par' dir='ltr' id='par_1_1' title="bbox 732 262 2024 326">
     <span class='ocr_line' id='line_1_1' title="bbox 732 262 2024 326; baseline 0 -14"><span class='ocrx_word' id='word_1_1' title='bbox 732 267 1116 312; x_wconf 84' lang='lat' dir='ltr'><strong>PRAELECTIO</strong></span> <span class='ocrx_word' id='word_1_2' title='bbox 1160 266 1486 311; x_wconf 56' lang='lat' dir='ltr'><strong>SECUNDA:</strong></span> <span class='ocrx_word' id='word_1_3' title='bbox 1621 321 1627 326; x_wconf 30' lang='grc' dir='ltr'>ι</span> <span class='ocrx_word' id='word_1_4' title='bbox 1961 263 1990 312; x_wconf 87' lang='grc'><strong><em>5</em></strong></span> <span class='ocrx_word' id='word_1_5' title='bbox 2000 262 2024 311; x_wconf 91' lang='lat' dir='ltr'><strong>l</strong></span> 
     </span>
    </p>
   </div>
   <div class='ocr_carea' id='block_1_2' title="bbox 153 393 2039 2870">
    <p class='ocr_par' dir='ltr' id='par_1_2' title="bbox 191 393 2027 633">
     <span class='ocr_line' id='line_1_2' title="bbox 191 393 2027 465; baseline -0.001 -13"><span class='ocrx_word' id='word_1_6' title='bbox 191 400 448 454; x_wconf 85' lang='lat' dir='ltr'><strong>immune:</strong></span> <span class='ocrx_word' id='word_1_7' title='bbox 487 396 697 451; x_wconf 88' lang='lat' dir='ltr'><strong>exulent</strong></span> <span class='ocrx_word' id='word_1_8' title='bbox 736 414 943 450; x_wconf 90' lang='grc'>11666336</span> <span class='ocrx_word' id='word_1_9' title='bbox 986 401 1066 449; x_wconf 86' lang='grc'><strong>631</strong></span> <span class='ocrx_word' id='word_1_10' title='bbox 1107 413 1137 448; x_wconf 89' lang='grc'>6</span> <span class='ocrx_word' id='word_1_11' title='bbox 1175 401 1335 458; x_wconf 85' lang='grc'>16113,</span> <span class='ocrx_word' id='word_1_12' title='bbox 1377 394 1487 448; x_wconf 88' lang='lat' dir='ltr'><strong>sine</strong></span> <span class='ocrx_word' id='word_1_13' title='bbox 1517 393 1702 465; x_wconf 89' lang='lat' dir='ltr'><strong>quibus</strong></span> <span class='ocrx_word' id='word_1_14' title='bbox 1731 397 2027 450; x_wconf 87' lang='lat' dir='ltr'><strong>conservari</strong></span> 
     </span>
     <span class='ocr_line' id='line_1_3' title="bbox 191 477 2027 551; baseline -0.001 -17"><span class='ocrx_word' id='word_1_15' title='bbox 191 499 296 535; x_wconf 91' lang='lat' dir='ltr'><strong>non</strong></span> <span class='ocrx_word' id='word_1_16' title='bbox 322 487 537 551; x_wconf 82' lang='lat' dir='ltr'>possunt</span> <span class='ocrx_word' id='word_1_17' title='bbox 568 479 894 550; x_wconf 88' lang='lat' dir='ltr'><strong>Respublicae</strong></span> <span class='ocrx_word' id='word_1_18' title='bbox 928 485 981 531; x_wconf 92' lang='lat' dir='ltr'><strong>et</strong></span> <span class='ocrx_word' id='word_1_19' title='bbox 1022 477 1285 531; x_wconf 89' lang='lat' dir='ltr'><strong>hominum</strong></span> <span class='ocrx_word' id='word_1_20' title='bbox 1314 477 1602 543; x_wconf 77' lang='lat' dir='ltr'><strong>societateS,</strong></span> <span class='ocrx_word' id='word_1_21' title='bbox 1635 478 1866 546; x_wconf 57' lang='lat' dir='ltr'><strong>Relifio,</strong></span> <span class='ocrx_word' id='word_1_22' title='bbox 1898 481 2027 533; x_wconf 76' lang='lat' dir='ltr'><strong>Jus-</strong></span> 
     </span>
     <span class='ocr_line' id='line_1_4' title="bbox 194 564 1055 633; baseline -0.002 -16"><span class='ocrx_word' id='word_1_23' title='bbox 194 566 337 626; x_wconf 78' lang='lat' dir='ltr'><strong>titia,</strong></span> <span class='ocrx_word' id='word_1_24' title='bbox 380 565 667 633; x_wconf 73' lang='lat' dir='ltr'><strong>AEquitas,</strong></span> <span class='ocrx_word' id='word_1_25' title='bbox 697 564 880 626; x_wconf 75' lang='lat' dir='ltr'><strong>Fides,</strong></span> <span class='ocrx_word' id='word_1_26' title='bbox 915 565 1055 615; x_wconf 68' lang='lat' dir='ltr'><strong>Pam.</strong></span> 
     </span>
    </p>

    <p class='ocr_par' dir='ltr' id='par_1_3' title="bbox 176 643 2036 2362">
     <span class='ocr_line' id='line_1_5' title="bbox 318 643 2027 716; baseline -0.001 -18"><span class='ocrx_word' id='word_1_27' title='bbox 318 647 438 700; x_wconf 91' lang='lat' dir='ltr'><strong>XV.</strong></span> <span class='ocrx_word' id='word_1_28' title='bbox 519 645 656 716; x_wconf 85' lang='lat' dir='ltr'><strong>Satis</strong></span> <span class='ocrx_word' id='word_1_29' title='bbox 691 644 819 715; x_wconf 89' lang='lat' dir='ltr'><strong>jam,</strong></span> <span class='ocrx_word' id='word_1_30' title='bbox 851 651 911 697; x_wconf 92' lang='lat' dir='ltr'><strong>ut</strong></span> <span class='ocrx_word' id='word_1_31' title='bbox 940 643 1138 715; x_wconf 85' lang='lat' dir='ltr'>opinor,</span> <span class='ocrx_word' id='word_1_32' title='bbox 1170 643 1486 706; x_wconf 88' lang='lat' dir='ltr'><strong>confirmata,</strong></span> <span class='ocrx_word' id='word_1_33' title='bbox 1519 662 1674 714; x_wconf 91' lang='lat' dir='ltr'><strong>quam</strong></span> <span class='ocrx_word' id='word_1_34' title='bbox 1702 644 2027 715; x_wconf 81' lang='lat' dir='ltr'>probandam</span> 
     </span>
     <span class='ocr_line' id='line_1_6' title="bbox 176 726 2028 799; baseline -0.002 -16"><span class='ocrx_word' id='word_1_35' title='bbox 176 728 403 799; x_wconf 84' lang='lat' dir='ltr'><strong>suscepi,</strong></span> <span class='ocrx_word' id='word_1_36' title='bbox 443 730 821 788; x_wconf 76' lang='lat' dir='ltr'><strong>Conclusione3</strong></span> <span class='ocrx_word' id='word_1_37' title='bbox 867 745 971 780; x_wconf 90' lang='lat' dir='ltr'><strong>non</strong></span> <span class='ocrx_word' id='word_1_38' title='bbox 1014 727 1107 779; x_wconf 90' lang='lat' dir='ltr'><strong>abs</strong></span> <span class='ocrx_word' id='word_1_39' title='bbox 1149 745 1208 778; x_wconf 92' lang='lat' dir='ltr'><strong>re</strong></span> <span class='ocrx_word' id='word_1_40' title='bbox 1249 726 1472 779; x_wconf 88' lang='lat' dir='ltr'><strong>alienum</strong></span> <span class='ocrx_word' id='word_1_41' title='bbox 1518 726 1692 789; x_wconf 86' lang='lat' dir='ltr'><strong>fuerit,</strong></span> <span class='ocrx_word' id='word_1_42' title='bbox 1748 745 1842 780; x_wconf 92' lang='lat' dir='ltr'><strong>nec</strong></span> <span class='ocrx_word' id='word_1_43' title='bbox 1881 728 2028 781; x_wconf 87' lang='lat' dir='ltr'><strong>vobis</strong></span> 
     </span>
     <span class='ocr_line' id='line_1_7' title="bbox 190 809 2029 882; baseline -0.001 -17"><span class='ocrx_word' id='word_1_44' title='bbox 190 811 267 865; x_wconf 87' lang='lat' dir='ltr'><strong>uti</strong></span> <span class='ocrx_word' id='word_1_45' title='bbox 294 829 444 882; x_wconf 91' lang='lat' dir='ltr'><strong>spero</strong></span> <span class='ocrx_word' id='word_1_46' title='bbox 473 811 749 882; x_wconf 91' lang='lat' dir='ltr'><strong>ingratum,</strong></span> <span class='ocrx_word' id='word_1_47' title='bbox 779 816 920 863; x_wconf 87' lang='lat' dir='ltr'><strong>certe</strong></span> <span class='ocrx_word' id='word_1_48' title='bbox 943 828 1047 862; x_wconf 93' lang='lat' dir='ltr'><strong>non</strong></span> <span class='ocrx_word' id='word_1_49' title='bbox 1074 809 1269 872; x_wconf 88' lang='lat' dir='ltr'><strong>inutile,</strong></span> <span class='ocrx_word' id='word_1_50' title='bbox 1310 810 1618 864; x_wconf 82' lang='lat' dir='ltr'><em>Corollaria</em></span> <span class='ocrx_word' id='word_1_51' title='bbox 1640 809 1759 863; x_wconf 90' lang='lat' dir='ltr'><strong>inde</strong></span> <span class='ocrx_word' id='word_1_52' title='bbox 1783 811 2029 863; x_wconf 88' lang='lat' dir='ltr'><strong>nonnulla</strong></span> 
     </span>
     <span class='ocr_line' id='line_1_8' title="bbox 191 892 2028 965; baseline -0.001 -18"><span class='ocrx_word' id='word_1_53' title='bbox 191 894 478 957; x_wconf 82' lang='lat' dir='ltr'><strong>deduxisse,</strong></span> <span class='ocrx_word' id='word_1_54' title='bbox 510 912 626 965; x_wconf 86' lang='lat' dir='ltr'><strong>quae</strong></span> <span class='ocrx_word' id='word_1_55' title='bbox 667 892 814 947; x_wconf 90' lang='lat' dir='ltr'><strong>nobis</strong></span> <span class='ocrx_word' id='word_1_56' title='bbox 853 892 1086 946; x_wconf 89' lang='lat' dir='ltr'><strong>omnibus</strong></span> <span class='ocrx_word' id='word_1_57' title='bbox 1130 910 1195 945; x_wconf 87' lang='lat' dir='ltr'><strong>ex</strong></span> <span class='ocrx_word' id='word_1_58' title='bbox 1237 911 1334 945; x_wconf 90' lang='lat' dir='ltr'><strong>usu</strong></span> <span class='ocrx_word' id='word_1_59' title='bbox 1368 892 1471 946; x_wconf 91' lang='lat' dir='ltr'><strong>sint</strong></span> <span class='ocrx_word' id='word_1_60' title='bbox 1500 893 1568 945; x_wconf 91' lang='lat' dir='ltr'><strong>ad</strong></span> <span class='ocrx_word' id='word_1_61' title='bbox 1597 892 1716 946; x_wconf 81' lang='lat' dir='ltr'><strong>vitae</strong></span> <span class='ocrx_word' id='word_1_62' title='bbox 1746 899 1799 946; x_wconf 93' lang='lat' dir='ltr'><strong>et</strong></span> <span class='ocrx_word' id='word_1_63' title='bbox 1827 911 2028 945; x_wconf 89' lang='lat' dir='ltr'><strong>morum</strong></span> 
     </span>
     <span class='ocr_line' id='line_1_9' title="bbox 191 974 2025 1048; baseline -0.001 -18"><span class='ocrx_word' id='word_1_64' title='bbox 191 977 575 1031; x_wconf 79' lang='lat' dir='ltr'><strong>institutionem.</strong></span> <span class='ocrx_word' id='word_1_65' title='bbox 662 978 746 1029; x_wconf 83' lang='lat' dir='ltr'><strong>Ex</strong></span> <span class='ocrx_word' id='word_1_66' title='bbox 791 975 1061 1029; x_wconf 83' lang='lat' dir='ltr'><strong>antedictis</strong></span> <span class='ocrx_word' id='word_1_67' title='bbox 1111 994 1239 1048; x_wconf 92' lang='lat' dir='ltr'><strong>ergo</strong></span> <span class='ocrx_word' id='word_1_68' title='bbox 1296 975 1424 1028; x_wconf 91' lang='lat' dir='ltr'><strong>illud</strong></span> <span class='ocrx_word' id='word_1_69' title='bbox 1482 974 1732 1047; x_wconf 84' lang='lat' dir='ltr'><strong>imprimis</strong></span> <span class='ocrx_word' id='word_1_70' title='bbox 1777 976 2025 1046; x_wconf 87' lang='lat' dir='ltr'><strong>sequitur,</strong></span> 
     </span>
     <span class='ocr_line' id='line_1_10' title="bbox 193 1058 2028 1130; baseline -0.001 -17"><span class='ocrx_word' id='word_1_71' title='bbox 193 1060 479 1114; x_wconf 89' lang='lat' dir='ltr'><strong>cavendum</strong></span> <span class='ocrx_word' id='word_1_72' title='bbox 522 1079 633 1113; x_wconf 90' lang='lat' dir='ltr'><strong>esse</strong></span> <span class='ocrx_word' id='word_1_73' title='bbox 661 1059 759 1130; x_wconf 90' lang='lat' dir='ltr'><strong>piis</strong></span> <span class='ocrx_word' id='word_1_74' title='bbox 785 1058 1033 1122; x_wconf 82' lang='lat' dir='ltr'><strong>omnibuS,</strong></span> <span class='ocrx_word' id='word_1_75' title='bbox 1079 1077 1145 1111; x_wconf 92' lang='lat' dir='ltr'><strong>ne</strong></span> <span class='ocrx_word' id='word_1_76' title='bbox 1184 1060 1293 1112; x_wconf 75' lang='lat' dir='ltr'><strong>zelo</strong></span> <span class='ocrx_word' id='word_1_77' title='bbox 1320 1060 1511 1128; x_wconf 71' lang='lat' dir='ltr'><strong>yloriae</strong></span> <span class='ocrx_word' id='word_1_78' title='bbox 1547 1061 1659 1112; x_wconf 82' lang='lat' dir='ltr'><strong>Dei</strong></span> <span class='ocrx_word' id='word_1_79' title='bbox 1695 1059 1914 1129; x_wconf 84' lang='lat' dir='ltr'><strong>abrepti,</strong></span> <span class='ocrx_word' id='word_1_80' title='bbox 1959 1060 2028 1113; x_wconf 89' lang='lat' dir='ltr'><strong>ad</strong></span> 
     </span>
     <span class='ocr_line' id='line_1_11' title="bbox 192 1142 2027 1214; baseline 0 -19"><span class='ocrx_word' id='word_1_81' title='bbox 192 1142 366 1196; x_wconf 87' lang='lat' dir='ltr'><strong>illicita</strong></span> <span class='ocrx_word' id='word_1_82' title='bbox 416 1143 766 1214; x_wconf 86' lang='lat' dir='ltr'><strong>perpetranda</strong></span> <span class='ocrx_word' id='word_1_83' title='bbox 818 1142 1068 1196; x_wconf 84' lang='lat' dir='ltr'><strong>ferantur.</strong></span> <span class='ocrx_word' id='word_1_84' title='bbox 1157 1143 1286 1194; x_wconf 85' lang='lat' dir='ltr'><strong>Esse</strong></span> <span class='ocrx_word' id='word_1_85' title='bbox 1343 1144 1455 1195; x_wconf 81' lang='lat' dir='ltr'><strong>Dei</strong></span> <span class='ocrx_word' id='word_1_86' title='bbox 1506 1144 1744 1212; x_wconf 65' lang='lat' dir='ltr'><strong>9Z02⁴iam</strong></span> <span class='ocrx_word' id='word_1_87' title='bbox 1802 1142 2027 1195; x_wconf 89' lang='lat' dir='ltr'><strong>omnium</strong></span> 
     </span>
     <span class='ocr_line' id='line_1_12' title="bbox 194 1225 2027 1296; baseline -0.001 -17"><span class='ocrx_word' id='word_1_88' title='bbox 194 1225 549 1296; x_wconf 84' lang='lat' dir='ltr'><strong>operationum</strong></span> <span class='ocrx_word' id='word_1_89' title='bbox 597 1233 890 1279; x_wconf 87' lang='lat' dir='ltr'><strong>nostrarum</strong></span> <span class='ocrx_word' id='word_1_90' title='bbox 924 1227 1091 1293; x_wconf 76' lang='lat' dir='ltr'><strong>finem</strong></span> <span class='ocrx_word' id='word_1_91' title='bbox 1129 1244 1434 1294; x_wconf 72' lang='lat' dir='ltr'><strong>supremum</strong></span> <span class='ocrx_word' id='word_1_92' title='bbox 1483 1233 1535 1278; x_wconf 91' lang='lat' dir='ltr'><strong>et</strong></span> <span class='ocrx_word' id='word_1_93' title='bbox 1579 1225 1830 1287; x_wconf 88' lang='lat' dir='ltr'><strong>ultimum,</strong></span> <span class='ocrx_word' id='word_1_94' title='bbox 1875 1244 2027 1278; x_wconf 90' lang='lat' dir='ltr'><strong>nemo</strong></span> 
     </span>
     <span class='ocr_line' id='line_1_13' title="bbox 193 1308 2030 1380; baseline 0.001 -19"><span class='ocrx_word' id='word_1_95' title='bbox 193 1308 293 1362; x_wconf 91' lang='lat' dir='ltr'><strong>rite</strong></span> <span class='ocrx_word' id='word_1_96' title='bbox 345 1308 666 1362; x_wconf 87' lang='lat' dir='ltr'><strong>Christianus</strong></span> <span class='ocrx_word' id='word_1_97' title='bbox 722 1314 893 1380; x_wconf 90' lang='lat' dir='ltr'><strong>neget.</strong></span> <span class='ocrx_word' id='word_1_98' title='bbox 984 1310 1109 1361; x_wconf 79' lang='lat' dir='ltr'><strong>Sive</strong></span> <span class='ocrx_word' id='word_1_99' title='bbox 1155 1310 1392 1371; x_wconf 77' lang='lat' dir='ltr'><strong>edamus,</strong></span> <span class='ocrx_word' id='word_1_100' title='bbox 1452 1310 1562 1361; x_wconf 80' lang='lat' dir='ltr'><strong>sive</strong></span> <span class='ocrx_word' id='word_1_101' title='bbox 1603 1310 1861 1370; x_wconf 69' lang='lat' dir='ltr'><strong>bibamuS,</strong></span> <span class='ocrx_word' id='word_1_102' title='bbox 1917 1312 2030 1362; x_wconf 75' lang='lat' dir='ltr'><strong>sive</strong></span> 
     </span>
     <span class='ocr_line' id='line_1_14' title="bbox 196 1392 2029 1462; baseline 0 -18"><span class='ocrx_word' id='word_1_103' title='bbox 196 1394 331 1462; x_wconf 77' lang='lat' dir='ltr'><strong>quid</strong></span> <span class='ocrx_word' id='word_1_104' title='bbox 379 1394 538 1446; x_wconf 80' lang='lat' dir='ltr'><strong>aliud</strong></span> <span class='ocrx_word' id='word_1_105' title='bbox 560 1394 865 1462; x_wconf 78' lang='lat' dir='ltr'><strong>faciamu3‚</strong></span> <span class='ocrx_word' id='word_1_106' title='bbox 908 1392 1091 1444; x_wconf 76' lang='lat' dir='ltr'><strong>omnia</strong></span> <span class='ocrx_word' id='word_1_107' title='bbox 1145 1393 1221 1443; x_wconf 80' lang='lat' dir='ltr'><strong>ad</strong></span> <span class='ocrx_word' id='word_1_108' title='bbox 1265 1393 1377 1444; x_wconf 78' lang='lat' dir='ltr'><strong>Dei</strong></span> <span class='ocrx_word' id='word_1_109' title='bbox 1425 1393 1664 1459; x_wconf 79' lang='lat' dir='ltr'><strong>9loriam</strong></span> <span class='ocrx_word' id='word_1_110' title='bbox 1716 1393 2029 1461; x_wconf 76' lang='lat' dir='ltr'><strong>referantur</strong></span> 
     </span>
     <span class='ocr_line' id='line_1_15' title="bbox 196 1474 2030 1544; baseline 0 -18"><span class='ocrx_word' id='word_1_111' title='bbox 196 1481 418 1544; x_wconf 89' lang='lat' dir='ltr'><strong>oportet,</strong></span> <span class='ocrx_word' id='word_1_112' title='bbox 453 1477 483 1526; x_wconf 90' lang='lat'>1</span> <span class='ocrx_word' id='word_1_113' title='bbox 514 1478 636 1528; x_wconf 82' lang='lat' dir='ltr'><strong>Cor.</strong></span> <span class='ocrx_word' id='word_1_114' title='bbox 667 1493 717 1526; x_wconf 80' lang='lat' dir='ltr'><strong>X.</strong></span> <span class='ocrx_word' id='word_1_115' title='bbox 750 1476 839 1526; x_wconf 88' lang='lat'><strong>31.</strong></span> <span class='ocrx_word' id='word_1_116' title='bbox 926 1474 1023 1526; x_wconf 93' lang='lat' dir='ltr'><strong>Ast</strong></span> <span class='ocrx_word' id='word_1_117' title='bbox 1049 1491 1383 1544; x_wconf 83' lang='lat' dir='ltr'><strong>praepropero</strong></span> <span class='ocrx_word' id='word_1_118' title='bbox 1413 1480 1466 1525; x_wconf 92' lang='lat' dir='ltr'><strong>et</strong></span> <span class='ocrx_word' id='word_1_119' title='bbox 1494 1480 1815 1543; x_wconf 78' lang='lat' dir='ltr'><strong>praepostero</strong></span> <span class='ocrx_word' id='word_1_120' title='bbox 1837 1475 2030 1542; x_wconf 72' lang='lat' dir='ltr'><strong>yloriae</strong></span> 
     </span>
     <span class='ocr_line' id='line_1_16' title="bbox 193 1555 2030 1627; baseline 0 -19"><span class='ocrx_word' id='word_1_121' title='bbox 193 1557 415 1609; x_wconf 69' lang='lat' dir='ltr'><strong>Divinae</strong></span> <span class='ocrx_word' id='word_1_122' title='bbox 478 1558 588 1610; x_wconf 74' lang='lat' dir='ltr'><strong>zelo</strong></span> <span class='ocrx_word' id='word_1_123' title='bbox 643 1555 880 1626; x_wconf 89' lang='lat' dir='ltr'><strong>permoti,</strong></span> <span class='ocrx_word' id='word_1_124' title='bbox 946 1563 1166 1625; x_wconf 90' lang='lat' dir='ltr'><strong>quantas</strong></span> <span class='ocrx_word' id='word_1_125' title='bbox 1233 1555 1579 1617; x_wconf 81' lang='lat' dir='ltr'><strong>contumeliaS‚</strong></span> <span class='ocrx_word' id='word_1_126' title='bbox 1640 1573 1767 1624; x_wconf 91' lang='lat' dir='ltr'><strong>quas</strong></span> <span class='ocrx_word' id='word_1_127' title='bbox 1824 1562 2030 1627; x_wconf 90' lang='lat' dir='ltr'><strong>strages</strong></span> 
     </span>
     <span class='ocr_line' id='line_1_17' title="bbox 194 1636 2030 1708; baseline 0.001 -18"><span class='ocrx_word' id='word_1_128' title='bbox 194 1637 449 1691; x_wconf 88' lang='lat' dir='ltr'><strong>ediderint</strong></span> <span class='ocrx_word' id='word_1_129' title='bbox 495 1638 614 1690; x_wconf 90' lang='lat' dir='ltr'><strong>olim</strong></span> <span class='ocrx_word' id='word_1_130' title='bbox 660 1638 715 1690; x_wconf 92' lang='lat' dir='ltr'><strong>in</strong></span> <span class='ocrx_word' id='word_1_131' title='bbox 750 1637 938 1708; x_wconf 92' lang='lat' dir='ltr'><strong>populo</strong></span> <span class='ocrx_word' id='word_1_132' title='bbox 972 1639 1009 1690; x_wconf 83' lang='lat' dir='ltr'>J</span> <span class='ocrx_word' id='word_1_133' title='bbox 1012 1637 1190 1690; x_wconf 91' lang='lat' dir='ltr'><strong>udaico</strong></span> <span class='ocrx_word' id='word_1_134' title='bbox 1234 1637 1344 1706; x_wconf 89' lang='lat' dir='ltr'><strong>ejus</strong></span> <span class='ocrx_word' id='word_1_135' title='bbox 1381 1637 1617 1690; x_wconf 83' lang='lat' dir='ltr'><strong>factionis</strong></span> <span class='ocrx_word' id='word_1_136' title='bbox 1655 1636 1902 1700; x_wconf 81' lang='lat' dir='ltr'><strong>homineS,</strong></span> <span class='ocrx_word' id='word_1_137' title='bbox 1949 1638 2030 1691; x_wconf 88' lang='lat' dir='ltr'><strong>cui</strong></span> 
     </span>
     <span class='ocr_line' id='line_1_18' title="bbox 196 1719 2028 1792; baseline 0.001 -19"><span class='ocrx_word' id='word_1_138' title='bbox 196 1722 512 1773; x_wconf 76' lang='lat' dir='ltr'><strong>Zelotarum</strong></span> <span class='ocrx_word' id='word_1_139' title='bbox 537 1719 793 1791; x_wconf 83' lang='lat' dir='ltr'><strong>peculiare</strong></span> <span class='ocrx_word' id='word_1_140' title='bbox 823 1738 1107 1792; x_wconf 86' lang='lat' dir='ltr'><strong>cognomen</strong></span> <span class='ocrx_word' id='word_1_141' title='bbox 1140 1719 1391 1783; x_wconf 80' lang='lat' dir='ltr'><strong>adhaesit3</strong></span> <span class='ocrx_word' id='word_1_142' title='bbox 1437 1727 1491 1773; x_wconf 92' lang='lat' dir='ltr'><strong>et</strong></span> <span class='ocrx_word' id='word_1_143' title='bbox 1519 1719 1657 1773; x_wconf 91' lang='lat' dir='ltr'><strong>inter</strong></span> <span class='ocrx_word' id='word_1_144' title='bbox 1689 1720 2028 1784; x_wconf 78' lang='lat' dir='ltr'><strong>ChristianOS,</strong></span> 
     </span>
     <span class='ocr_line' id='line_1_19' title="bbox 193 1802 2034 1874; baseline 0.001 -19"><span class='ocrx_word' id='word_1_145' title='bbox 193 1810 401 1874; x_wconf 89' lang='lat' dir='ltr'><strong>patrum</strong></span> <span class='ocrx_word' id='word_1_146' title='bbox 436 1803 697 1865; x_wconf 86' lang='lat' dir='ltr'><strong>memoria,</strong></span> <span class='ocrx_word' id='word_1_147' title='bbox 737 1802 792 1855; x_wconf 93' lang='lat' dir='ltr'><strong>in</strong></span> <span class='ocrx_word' id='word_1_148' title='bbox 833 1805 1139 1856; x_wconf 76' lang='lat' dir='ltr'><strong>Germania</strong></span> <span class='ocrx_word' id='word_1_149' title='bbox 1176 1810 1229 1856; x_wconf 91' lang='lat' dir='ltr'><strong>et</strong></span> <span class='ocrx_word' id='word_1_150' title='bbox 1267 1802 1390 1856; x_wconf 88' lang='lat' dir='ltr'><strong>alibi</strong></span> <span class='ocrx_word' id='word_1_151' title='bbox 1420 1804 1814 1874; x_wconf 74' lang='lat' dir='ltr'><strong>Anabaptistoe,</strong></span> <span class='ocrx_word' id='word_1_152' title='bbox 1845 1822 1878 1857; x_wconf 92' lang='lat' dir='ltr'><strong>a</strong></span> <span class='ocrx_word' id='word_1_153' title='bbox 1908 1803 2034 1857; x_wconf 89' lang='lat' dir='ltr'><strong>viris</strong></span> 
     </span>
     <span class='ocr_line' id='line_1_20' title="bbox 194 1885 2032 1959; baseline 0.001 -21"><span class='ocrx_word' id='word_1_154' title='bbox 194 1885 296 1939; x_wconf 91' lang='lat' dir='ltr'><strong>fide</strong></span> <span class='ocrx_word' id='word_1_155' title='bbox 322 1886 492 1959; x_wconf 85' lang='lat' dir='ltr'><strong>dignis</strong></span> <span class='ocrx_word' id='word_1_156' title='bbox 523 1893 577 1940; x_wconf 94' lang='lat' dir='ltr'><strong>et</strong></span> <span class='ocrx_word' id='word_1_157' title='bbox 603 1904 779 1939; x_wconf 91' lang='lat' dir='ltr'><strong>rerum</strong></span> <span class='ocrx_word' id='word_1_158' title='bbox 812 1886 914 1938; x_wconf 91' lang='lat' dir='ltr'><strong>suis</strong></span> <span class='ocrx_word' id='word_1_159' title='bbox 953 1886 1272 1957; x_wconf 87' lang='lat' dir='ltr'><strong>temporibus</strong></span> <span class='ocrx_word' id='word_1_160' title='bbox 1311 1893 1576 1958; x_wconf 91' lang='lat' dir='ltr'><strong>gestarum</strong></span> <span class='ocrx_word' id='word_1_161' title='bbox 1615 1887 1791 1959; x_wconf 88' lang='lat' dir='ltr'><strong>gnaris</strong></span> <span class='ocrx_word' id='word_1_162' title='bbox 1831 1888 2032 1957; x_wconf 90' lang='lat' dir='ltr'><strong>prolixe</strong></span> 
     </span>
     <span class='ocr_line' id='line_1_21' title="bbox 195 1969 2030 2041; baseline 0.001 -20"><span class='ocrx_word' id='word_1_163' title='bbox 195 1969 538 2041; x_wconf 90' lang='lat' dir='ltr'><strong>perscriptum</strong></span> <span class='ocrx_word' id='word_1_164' title='bbox 565 1976 658 2022; x_wconf 90' lang='lat' dir='ltr'><strong>est.</strong></span> <span class='ocrx_word' id='word_1_165' title='bbox 747 1970 810 2022; x_wconf 94' lang='lat' dir='ltr'><strong>In</strong></span> <span class='ocrx_word' id='word_1_166' title='bbox 840 1987 1057 2039; x_wconf 89' lang='lat' dir='ltr'><strong>quorum</strong></span> <span class='ocrx_word' id='word_1_167' title='bbox 1093 1969 1419 2022; x_wconf 86' lang='lat' dir='ltr'><strong>monimentis</strong></span> <span class='ocrx_word' id='word_1_168' title='bbox 1448 1976 1555 2022; x_wconf 90' lang='lat' dir='ltr'><strong>tam</strong></span> <span class='ocrx_word' id='word_1_169' title='bbox 1584 1970 1847 2023; x_wconf 91' lang='lat' dir='ltr'><strong>horrenda</strong></span> <span class='ocrx_word' id='word_1_170' title='bbox 1876 1970 2030 2033; x_wconf 87' lang='lat' dir='ltr'><strong>facta,</strong></span> 
     </span>
     <span class='ocr_line' id='line_1_22' title="bbox 198 2052 2033 2124; baseline 0.001 -19"><span class='ocrx_word' id='word_1_171' title='bbox 198 2059 251 2105; x_wconf 90' lang='lat' dir='ltr'><strong>et</strong></span> <span class='ocrx_word' id='word_1_172' title='bbox 285 2053 351 2105; x_wconf 93' lang='lat' dir='ltr'><strong>ab</strong></span> <span class='ocrx_word' id='word_1_173' title='bbox 396 2053 533 2105; x_wconf 88' lang='lat' dir='ltr'><strong>omni</strong></span> <span class='ocrx_word' id='word_1_174' title='bbox 569 2052 890 2105; x_wconf 89' lang='lat' dir='ltr'><strong>humanitate</strong></span> <span class='ocrx_word' id='word_1_175' title='bbox 933 2052 1100 2105; x_wconf 88' lang='lat' dir='ltr'><strong>aliena</strong></span> <span class='ocrx_word' id='word_1_176' title='bbox 1142 2059 1422 2104; x_wconf 90' lang='lat' dir='ltr'><strong>narrantur</strong></span> <span class='ocrx_word' id='word_1_177' title='bbox 1440 2072 1453 2115; x_wconf 92' lang='lat'>;</span> <span class='ocrx_word' id='word_1_178' title='bbox 1497 2060 1555 2105; x_wconf 92' lang='lat' dir='ltr'><strong>ut</strong></span> <span class='ocrx_word' id='word_1_179' title='bbox 1587 2052 1674 2104; x_wconf 81' lang='lat' dir='ltr'><strong>vix</strong></span> <span class='ocrx_word' id='word_1_180' title='bbox 1704 2053 1862 2105; x_wconf 92' lang='lat' dir='ltr'><strong>ullam</strong></span> <span class='ocrx_word' id='word_1_181' title='bbox 1891 2054 2033 2124; x_wconf 88' lang='lat' dir='ltr'><strong>apud</strong></span> 
     </span>
     <span class='ocr_line' id='line_1_23' title="bbox 198 2134 2034 2205; baseline 0.001 -18"><span class='ocrx_word' id='word_1_182' title='bbox 198 2152 292 2188; x_wconf 91' lang='lat' dir='ltr'><strong>nos</strong></span> <span class='ocrx_word' id='word_1_183' title='bbox 322 2142 492 2189; x_wconf 90' lang='lat' dir='ltr'><strong>essent</strong></span> <span class='ocrx_word' id='word_1_184' title='bbox 519 2136 763 2188; x_wconf 90' lang='lat' dir='ltr'><strong>habitura</strong></span> <span class='ocrx_word' id='word_1_185' title='bbox 791 2135 961 2197; x_wconf 87' lang='lat' dir='ltr'><strong>fidem,</strong></span> <span class='ocrx_word' id='word_1_186' title='bbox 992 2134 1090 2186; x_wconf 89' lang='lat' dir='ltr'><strong>nisi</strong></span> <span class='ocrx_word' id='word_1_187' title='bbox 1118 2135 1333 2187; x_wconf 90' lang='lat' dir='ltr'><strong>eandem</strong></span> <span class='ocrx_word' id='word_1_188' title='bbox 1367 2135 1593 2188; x_wconf 88' lang='lat' dir='ltr'><strong>fabulam</strong></span> <span class='ocrx_word' id='word_1_189' title='bbox 1629 2136 1858 2205; x_wconf 87' lang='lat' dir='ltr'><strong>quotidie</strong></span> <span class='ocrx_word' id='word_1_190' title='bbox 1888 2136 2034 2189; x_wconf 88' lang='lat' dir='ltr'><strong>vide-</strong></span> 
     </span>
     <span class='ocr_line' id='line_1_24' title="bbox 199 2217 2036 2288; baseline 0.001 -18"><span class='ocrx_word' id='word_1_191' title='bbox 199 2236 372 2270; x_wconf 87' lang='lat' dir='ltr'><strong>remus</strong></span> <span class='ocrx_word' id='word_1_192' title='bbox 400 2218 465 2271; x_wconf 94' lang='lat' dir='ltr'><strong>ab</strong></span> <span class='ocrx_word' id='word_1_193' title='bbox 494 2218 683 2270; x_wconf 89' lang='lat' dir='ltr'><strong>infelici</strong></span> <span class='ocrx_word' id='word_1_194' title='bbox 710 2217 939 2288; x_wconf 88' lang='lat' dir='ltr'><strong>ipsorum</strong></span> <span class='ocrx_word' id='word_1_195' title='bbox 974 2217 1163 2279; x_wconf 87' lang='lat' dir='ltr'><strong>sobole,</strong></span> <span class='ocrx_word' id='word_1_196' title='bbox 1202 2217 1454 2270; x_wconf 86' lang='lat' dir='ltr'><strong>translata</strong></span> <span class='ocrx_word' id='word_1_197' title='bbox 1490 2225 1693 2272; x_wconf 86' lang='lat' dir='ltr'><strong>tantum</strong></span> <span class='ocrx_word' id='word_1_198' title='bbox 1721 2218 1775 2271; x_wconf 90' lang='lat' dir='ltr'><strong>in</strong></span> <span class='ocrx_word' id='word_1_199' title='bbox 1803 2221 2036 2272; x_wconf 76' lang='lat' dir='ltr'><strong>Britan-</strong></span> 
     </span>
     <span class='ocr_line' id='line_1_25' title="bbox 201 2300 1365 2362; baseline 0.003 -10"><span class='ocrx_word' id='word_1_200' title='bbox 201 2301 327 2354; x_wconf 75' lang='lat' dir='ltr'><strong>nias</strong></span> <span class='ocrx_word' id='word_1_201' title='bbox 356 2301 451 2353; x_wconf 90' lang='lat' dir='ltr'><strong>has</strong></span> <span class='ocrx_word' id='word_1_202' title='bbox 478 2307 681 2353; x_wconf 88' lang='lat' dir='ltr'><strong>nostras</strong></span> <span class='ocrx_word' id='word_1_203' title='bbox 710 2318 877 2362; x_wconf 86' lang='lat' dir='ltr'><strong>scena,</strong></span> <span class='ocrx_word' id='word_1_204' title='bbox 908 2307 1117 2353; x_wconf 92' lang='lat' dir='ltr'><strong>strenue</strong></span> <span class='ocrx_word' id='word_1_205' title='bbox 1145 2300 1365 2356; x_wconf 87' lang='lat' dir='ltr'><strong>actitari.</strong></span> 
     </span>
    </p>

    <p class='ocr_par' dir='ltr' id='par_1_4' title="bbox 203 2382 2038 2540">
     <span class='ocr_line' id='line_1_26' title="bbox 329 2382 2035 2455; baseline 0.002 -20"><span class='ocrx_word' id='word_1_206' title='bbox 329 2384 477 2437; x_wconf 91' lang='lat' dir='ltr'>XVI.</span> <span class='ocrx_word' id='word_1_207' title='bbox 565 2384 618 2435; x_wconf 83' lang='lat' dir='ltr'>N</span> <span class='ocrx_word' id='word_1_208' title='bbox 620 2382 762 2453; x_wconf 90' lang='lat' dir='ltr'><strong>equis</strong></span> <span class='ocrx_word' id='word_1_209' title='bbox 790 2382 953 2455; x_wconf 89' lang='lat' dir='ltr'><strong>igitur</strong></span> <span class='ocrx_word' id='word_1_210' title='bbox 983 2391 1211 2436; x_wconf 88' lang='lat' dir='ltr'><strong>vestrum</strong></span> <span class='ocrx_word' id='word_1_211' title='bbox 1239 2384 1337 2436; x_wconf 91' lang='lat' dir='ltr'><strong>hoc</strong></span> <span class='ocrx_word' id='word_1_212' title='bbox 1365 2390 1473 2436; x_wconf 87' lang='lat' dir='ltr'><strong>tam</strong></span> <span class='ocrx_word' id='word_1_213' title='bbox 1512 2383 1780 2454; x_wconf 91' lang='lat' dir='ltr'><strong>splendido</strong></span> <span class='ocrx_word' id='word_1_214' title='bbox 1818 2384 2035 2438; x_wconf 88' lang='lat' dir='ltr'><strong>artificio</strong></span> 
     </span>
     <span class='ocr_line' id='line_1_27' title="bbox 203 2465 2038 2540; baseline 0.001 -21"><span class='ocrx_word' id='word_1_215' title='bbox 203 2473 295 2519; x_wconf 89' lang='lat' dir='ltr'><strong>aut</strong></span> <span class='ocrx_word' id='word_1_216' title='bbox 330 2465 456 2519; x_wconf 91' lang='lat' dir='ltr'><strong>alios</strong></span> <span class='ocrx_word' id='word_1_217' title='bbox 499 2468 754 2536; x_wconf 77' lang='lat' dir='ltr'><strong>decipiat,</strong></span> <span class='ocrx_word' id='word_1_218' title='bbox 800 2473 893 2518; x_wconf 91' lang='lat' dir='ltr'><strong>aut</strong></span> <span class='ocrx_word' id='word_1_219' title='bbox 937 2466 1004 2519; x_wconf 91' lang='lat' dir='ltr'><strong>ab</strong></span> <span class='ocrx_word' id='word_1_220' title='bbox 1044 2466 1157 2519; x_wconf 90' lang='lat' dir='ltr'><strong>aliis</strong></span> <span class='ocrx_word' id='word_1_221' title='bbox 1200 2468 1382 2537; x_wconf 76' lang='lat' dir='ltr'><strong>decipi</strong></span> <span class='ocrx_word' id='word_1_222' title='bbox 1423 2486 1478 2520; x_wconf 92' lang='lat' dir='ltr'><strong>se</strong></span> <span class='ocrx_word' id='word_1_223' title='bbox 1507 2467 1769 2537; x_wconf 83' lang='lat' dir='ltr'><strong>patiatur3</strong></span> <span class='ocrx_word' id='word_1_224' title='bbox 1812 2468 2038 2540; x_wconf 91' lang='lat' dir='ltr'><strong>cogitate</strong></span> 
     </span>
    </p>

    <p class='ocr_par' dir='ltr' id='par_1_5' title="bbox 153 2549 2039 2870">
     <span class='ocr_line' id='line_1_28' title="bbox 153 2549 2036 2619; baseline 0 -15"><span class='ocrx_word' id='word_1_225' title='bbox 153 2564 172 2604; x_wconf 94' lang='lat'>1</span> <span class='ocrx_word' id='word_1_226' title='bbox 193 2551 394 2619; x_wconf 59' lang='lat' dir='ltr'><strong>prime,</strong></span> <span class='ocrx_word' id='word_1_227' title='bbox 433 2567 607 2601; x_wconf 90' lang='lat' dir='ltr'><strong>omnes</strong></span> <span class='ocrx_word' id='word_1_228' title='bbox 648 2551 962 2612; x_wconf 78' lang='lat' dir='ltr'><strong>seductores,</strong></span> <span class='ocrx_word' id='word_1_229' title='bbox 998 2549 1205 2602; x_wconf 76' lang='lat' dir='ltr'><strong>Satanae</strong></span> <span class='ocrx_word' id='word_1_230' title='bbox 1245 2549 1520 2612; x_wconf 82' lang='lat' dir='ltr'><strong>ministrOS‚</strong></span> <span class='ocrx_word' id='word_1_231' title='bbox 1550 2568 1583 2602; x_wconf 90' lang='lat' dir='ltr'><strong>a</strong></span> <span class='ocrx_word' id='word_1_232' title='bbox 1626 2569 1821 2602; x_wconf 90' lang='lat' dir='ltr'><strong>summo</strong></span> <span class='ocrx_word' id='word_1_233' title='bbox 1858 2552 2036 2604; x_wconf 90' lang='lat' dir='ltr'><strong>seduc-</strong></span> 
     </span>
     <span class='ocr_line' id='line_1_29' title="bbox 202 2632 2039 2703; baseline 0.001 -18"><span class='ocrx_word' id='word_1_234' title='bbox 202 2639 316 2685; x_wconf 89' lang='lat' dir='ltr'><strong>tore</strong></span> <span class='ocrx_word' id='word_1_235' title='bbox 355 2633 594 2695; x_wconf 79' lang='lat' dir='ltr'><strong>Satana,</strong></span> <span class='ocrx_word' id='word_1_236' title='bbox 643 2632 731 2702; x_wconf 87' lang='lat' dir='ltr'><strong>qui</strong></span> <span class='ocrx_word' id='word_1_237' title='bbox 772 2651 827 2684; x_wconf 90' lang='lat' dir='ltr'><strong>se</strong></span> <span class='ocrx_word' id='word_1_238' title='bbox 863 2635 1302 2702; x_wconf 61' lang='lat' dir='ltr'><strong>Wtranfformare</strong></span> <span class='ocrx_word' id='word_1_239' title='bbox 1334 2634 1522 2686; x_wconf 76' lang='lat' dir='ltr'><strong>solitus</strong></span> <span class='ocrx_word' id='word_1_240' title='bbox 1561 2644 1637 2686; x_wconf 78' lang='lat' dir='ltr'><strong>est</strong></span> <span class='ocrx_word' id='word_1_241' title='bbox 1673 2635 1733 2685; x_wconf 75' lang='lat' dir='ltr'><strong>in</strong></span> <span class='ocrx_word' id='word_1_242' title='bbox 1774 2635 2039 2703; x_wconf 70' lang='lat' dir='ltr'><strong>Anyelum</strong></span> 
     </span>
     <span class='ocr_line' id='line_1_30' title="bbox 204 2714 2039 2787; baseline 0.001 -19"><span class='ocrx_word' id='word_1_243' title='bbox 204 2715 356 2776; x_wconf 78' lang='lat' dir='ltr'><strong>lueis,</strong></span> <span class='ocrx_word' id='word_1_244' title='bbox 395 2714 600 2767; x_wconf 90' lang='lat' dir='ltr'><strong>edoctos</strong></span> <span class='ocrx_word' id='word_1_245' title='bbox 641 2734 744 2767; x_wconf 93' lang='lat' dir='ltr'><strong>non</strong></span> <span class='ocrx_word' id='word_1_246' title='bbox 770 2715 882 2768; x_wconf 88' lang='lat' dir='ltr'><strong>aliis</strong></span> <span class='ocrx_word' id='word_1_247' title='bbox 910 2715 1109 2768; x_wconf 87' lang='lat' dir='ltr'><strong>artibus</strong></span> <span class='ocrx_word' id='word_1_248' title='bbox 1137 2716 1253 2786; x_wconf 92' lang='lat' dir='ltr'><strong>plus</strong></span> <span class='ocrx_word' id='word_1_249' title='bbox 1281 2715 1571 2787; x_wconf 87' lang='lat' dir='ltr'><strong>profecisse,</strong></span> <span class='ocrx_word' id='word_1_250' title='bbox 1609 2723 1701 2769; x_wconf 89' lang='lat' dir='ltr'><strong>aut</strong></span> <span class='ocrx_word' id='word_1_251' title='bbox 1729 2715 2039 2787; x_wconf 86' lang='lat' dir='ltr'><strong>imposturas</strong></span> 
     </span>
     <span class='ocr_line' id='line_1_31' title="bbox 202 2796 2039 2870; baseline 0.002 -19"><span class='ocrx_word' id='word_1_252' title='bbox 202 2814 321 2851; x_wconf 92' lang='lat' dir='ltr'><strong>suas</strong></span> <span class='ocrx_word' id='word_1_253' title='bbox 361 2796 500 2868; x_wconf 89' lang='lat' dir='ltr'><strong>plebi</strong></span> <span class='ocrx_word' id='word_1_254' title='bbox 553 2797 861 2852; x_wconf 76' lang='lat' dir='ltr'><strong>Christianae</strong></span> <span class='ocrx_word' id='word_1_255' title='bbox 905 2798 1200 2862; x_wconf 88' lang='lat' dir='ltr'><strong>obtrusisse,</strong></span> <span class='ocrx_word' id='word_1_256' title='bbox 1252 2805 1344 2852; x_wconf 90' lang='lat' dir='ltr'><strong>aut</strong></span> <span class='ocrx_word' id='word_1_257' title='bbox 1379 2817 1557 2870; x_wconf 89' lang='lat' dir='ltr'><strong>pacem</strong></span> <span class='ocrx_word' id='word_1_258' title='bbox 1595 2798 1943 2853; x_wconf 89' lang='lat' dir='ltr'><strong>Ecclesiarum</strong></span> <span class='ocrx_word' id='word_1_259' title='bbox 1986 2807 2039 2854; x_wconf 90' lang='lat' dir='ltr'><strong>et</strong></span> 
     </span>
    </p>
   </div>
   <div class='ocr_carea' id='block_1_3' title="bbox 941 2982 1280 3021">
    <p class='ocr_par' dir='ltr' id='par_1_6' title="bbox 941 2982 1280 3021">
     <span class='ocr_line' id='line_1_32' title="bbox 941 2982 1280 3021; baseline 0 -2"><span class='ocrx_word' id='word_1_260' title='bbox 941 2988 968 3007; x_wconf 78' lang='lat' dir='ltr'><strong>w</strong></span> <span class='ocrx_word' id='word_1_261' title='bbox 993 2984 1017 3019; x_wconf 88' lang='grc'>2</span> <span class='ocrx_word' id='word_1_262' title='bbox 1037 2982 1130 3021; x_wconf 90' lang='lat' dir='ltr'><strong>Cor.</strong></span> <span class='ocrx_word' id='word_1_263' title='bbox 1149 2983 1202 3021; x_wconf 87' lang='lat' dir='ltr'><strong>xi.</strong></span> <span class='ocrx_word' id='word_1_264' title='bbox 1221 2984 1280 3020; x_wconf 85' lang='lat'><strong>14.</strong></span> 
     </span>
    </p>
   </div>
   <div class='ocr_carea' id='block_1_4' title="bbox 295 3094 1294 3141">
    <p class='ocr_par' dir='ltr' id='par_1_7' title="bbox 295 3094 1294 3141">
     <span class='ocr_line' id='line_1_33' title="bbox 295 3094 1294 3141; baseline 0.004 -4"><span class='ocrx_word' id='word_1_265' title='bbox 295 3099 366 3137; x_wconf 89' lang='lat'><strong>15.</strong></span> <span class='ocrx_word' id='word_1_266' title='bbox 430 3094 591 3138; x_wconf 93' lang='lat' dir='ltr'><strong>Hence</strong></span> <span class='ocrx_word' id='word_1_267' title='bbox 615 3095 774 3139; x_wconf 87' lang='lat' dir='ltr'><strong>follow</strong></span> <span class='ocrx_word' id='word_1_268' title='bbox 798 3096 975 3140; x_wconf 89' lang='lat' dir='ltr'><strong>certain</strong></span> <span class='ocrx_word' id='word_1_269' title='bbox 1003 3096 1294 3141; x_wconf 82' lang='lat' dir='ltr'><strong>Corollaries.</strong></span> 
     </span>
    </p>
   </div>
   <div class='ocr_carea' id='block_1_5' title="bbox 206 3164 2040 3292">
    <p class='ocr_par' dir='ltr' id='par_1_8' title="bbox 206 3164 2040 3292">
     <span class='ocr_line' id='line_1_34' title="bbox 294 3164 2040 3228; baseline 0.002 -20"><span class='ocrx_word' id='word_1_270' title='bbox 294 3164 432 3208; x_wconf 86' lang='lat' dir='ltr'><strong>First.</strong></span> <span class='ocrx_word' id='word_1_271' title='bbox 494 3166 582 3209; x_wconf 88' lang='lat' dir='ltr'><strong>We</strong></span> <span class='ocrx_word' id='word_1_272' title='bbox 601 3171 726 3210; x_wconf 89' lang='lat' dir='ltr'><strong>must</strong></span> <span class='ocrx_word' id='word_1_273' title='bbox 746 3167 895 3224; x_wconf 88' lang='lat' dir='ltr'><strong>guard</strong></span> <span class='ocrx_word' id='word_1_274' title='bbox 915 3169 1096 3225; x_wconf 86' lang='lat' dir='ltr'><strong>against</strong></span> <span class='ocrx_word' id='word_1_275' title='bbox 1115 3168 1256 3226; x_wconf 88' lang='lat' dir='ltr'><strong>being</strong></span> <span class='ocrx_word' id='word_1_276' title='bbox 1286 3167 1467 3212; x_wconf 89' lang='lat' dir='ltr'><strong>carried</strong></span> <span class='ocrx_word' id='word_1_277' title='bbox 1486 3182 1616 3227; x_wconf 89' lang='lat' dir='ltr'><strong>away</strong></span> <span class='ocrx_word' id='word_1_278' title='bbox 1645 3168 1709 3228; x_wconf 94' lang='lat' dir='ltr'><strong>by</strong></span> <span class='ocrx_word' id='word_1_279' title='bbox 1738 3168 1835 3212; x_wconf 91' lang='lat' dir='ltr'><strong>zeal</strong></span> <span class='ocrx_word' id='word_1_280' title='bbox 1858 3167 1935 3211; x_wconf 86' lang='lat' dir='ltr'><strong>for</strong></span> <span class='ocrx_word' id='word_1_281' title='bbox 1960 3167 2040 3212; x_wconf 85' lang='lat' dir='ltr'><strong>the</strong></span> 
     </span>
     <span class='ocr_line' id='line_1_35' title="bbox 206 3234 1068 3292; baseline 0.008 -16"><span class='ocrx_word' id='word_1_282' title='bbox 206 3234 339 3292; x_wconf 88' lang='lat' dir='ltr'><strong>glory</strong></span> <span class='ocrx_word' id='word_1_283' title='bbox 359 3235 414 3278; x_wconf 88' lang='lat' dir='ltr'><strong>of</strong></span> <span class='ocrx_word' id='word_1_284' title='bbox 430 3235 536 3279; x_wconf 81' lang='lat' dir='ltr'><strong>God</strong></span> <span class='ocrx_word' id='word_1_285' title='bbox 555 3241 605 3279; x_wconf 88' lang='lat' dir='ltr'><strong>to</strong></span> <span class='ocrx_word' id='word_1_286' title='bbox 627 3237 687 3280; x_wconf 91' lang='lat' dir='ltr'><strong>do</strong></span> <span class='ocrx_word' id='word_1_287' title='bbox 713 3238 936 3281; x_wconf 87' lang='lat' dir='ltr'><strong>unlawful</strong></span> <span class='ocrx_word' id='word_1_288' title='bbox 956 3245 1068 3284; x_wconf 89' lang='lat' dir='ltr'><strong>acts.</strong></span> 
     </span>
    </p>
   </div>
   <div class='ocr_carea' id='block_1_6' title="bbox 207 3306 2044 3870">
    <p class='ocr_par' dir='ltr' id='par_1_9' title="bbox 207 3306 2040 3439">
     <span class='ocr_line' id='line_1_36' title="bbox 297 3306 2040 3368; baseline 0.004 -21"><span class='ocrx_word' id='word_1_289' title='bbox 297 3306 547 3363; x_wconf 85' lang='lat' dir='ltr'><strong>Examples</strong></span> <span class='ocrx_word' id='word_1_290' title='bbox 568 3306 623 3350; x_wconf 83' lang='lat' dir='ltr'><strong>of</strong></span> <span class='ocrx_word' id='word_1_291' title='bbox 642 3306 734 3351; x_wconf 88' lang='lat' dir='ltr'><strong>this</strong></span> <span class='ocrx_word' id='word_1_292' title='bbox 755 3308 931 3365; x_wconf 89' lang='lat' dir='ltr'><strong>danger</strong></span> <span class='ocrx_word' id='word_1_293' title='bbox 954 3324 1035 3354; x_wconf 87' lang='lat' dir='ltr'><strong>are</strong></span> <span class='ocrx_word' id='word_1_294' title='bbox 1060 3309 1140 3354; x_wconf 87' lang='lat' dir='ltr'><strong>the</strong></span> <span class='ocrx_word' id='word_1_295' title='bbox 1163 3311 1336 3355; x_wconf 85' lang='lat' dir='ltr'><strong>Zelotae</strong></span> <span class='ocrx_word' id='word_1_296' title='bbox 1360 3324 1531 3368; x_wconf 85' lang='lat' dir='ltr'><strong>among</strong></span> <span class='ocrx_word' id='word_1_297' title='bbox 1551 3311 1633 3354; x_wconf 90' lang='lat' dir='ltr'><strong>the</strong></span> <span class='ocrx_word' id='word_1_298' title='bbox 1657 3311 1794 3362; x_wconf 87' lang='lat' dir='ltr'><strong>Jews,</strong></span> <span class='ocrx_word' id='word_1_299' title='bbox 1814 3309 1895 3354; x_wconf 91' lang='lat' dir='ltr'><strong>the</strong></span> <span class='ocrx_word' id='word_1_300' title='bbox 1915 3309 2040 3354; x_wconf 86' lang='lat' dir='ltr'><strong>Ana-</strong></span> 
     </span>
     <span class='ocr_line' id='line_1_37' title="bbox 207 3376 1819 3439; baseline 0.002 -18"><span class='ocrx_word' id='word_1_301' title='bbox 207 3376 405 3435; x_wconf 89' lang='lat' dir='ltr'><strong>baptists</strong></span> <span class='ocrx_word' id='word_1_302' title='bbox 430 3377 480 3419; x_wconf 91' lang='lat' dir='ltr'><strong>in</strong></span> <span class='ocrx_word' id='word_1_303' title='bbox 502 3377 753 3436; x_wconf 80' lang='lat' dir='ltr'><strong>Germany,</strong></span> <span class='ocrx_word' id='word_1_304' title='bbox 773 3380 865 3422; x_wconf 89' lang='lat' dir='ltr'><strong>and</strong></span> <span class='ocrx_word' id='word_1_305' title='bbox 886 3380 967 3424; x_wconf 90' lang='lat' dir='ltr'><strong>the</strong></span> <span class='ocrx_word' id='word_1_306' title='bbox 987 3381 1080 3426; x_wconf 89' lang='lat' dir='ltr'><strong>like</strong></span> <span class='ocrx_word' id='word_1_307' title='bbox 1103 3381 1300 3426; x_wconf 85' lang='lat' dir='ltr'><strong>fanatics</strong></span> <span class='ocrx_word' id='word_1_308' title='bbox 1321 3383 1529 3439; x_wconf 88' lang='lat' dir='ltr'><strong>recently</strong></span> <span class='ocrx_word' id='word_1_309' title='bbox 1549 3383 1599 3424; x_wconf 92' lang='lat' dir='ltr'><strong>in</strong></span> <span class='ocrx_word' id='word_1_310' title='bbox 1623 3382 1819 3426; x_wconf 88' lang='lat' dir='ltr'><strong>Britain.</strong></span> 
     </span>
    </p>

    <p class='ocr_par' dir='ltr' id='par_1_10' title="bbox 209 3449 2042 3652">
     <span class='ocr_line' id='line_1_38' title="bbox 303 3449 2041 3508; baseline 0.004 -17"><span class='ocrx_word' id='word_1_311' title='bbox 303 3451 371 3491; x_wconf 89' lang='lat'><strong>16.</strong></span> <span class='ocrx_word' id='word_1_312' title='bbox 435 3449 504 3492; x_wconf 89' lang='lat' dir='ltr'><strong>To</strong></span> <span class='ocrx_word' id='word_1_313' title='bbox 539 3449 674 3493; x_wconf 85' lang='lat' dir='ltr'><strong>avoid</strong></span> <span class='ocrx_word' id='word_1_314' title='bbox 710 3449 801 3494; x_wconf 89' lang='lat' dir='ltr'><strong>this</strong></span> <span class='ocrx_word' id='word_1_315' title='bbox 828 3451 1017 3508; x_wconf 88' lang='lat' dir='ltr'><strong>danger,</strong></span> <span class='ocrx_word' id='word_1_316' title='bbox 1037 3467 1105 3497; x_wconf 90' lang='lat' dir='ltr'><strong>we</strong></span> <span class='ocrx_word' id='word_1_317' title='bbox 1125 3457 1251 3496; x_wconf 89' lang='lat' dir='ltr'><strong>must</strong></span> <span class='ocrx_word' id='word_1_318' title='bbox 1274 3453 1508 3504; x_wconf 88' lang='lat' dir='ltr'><strong>recollect,</strong></span> <span class='ocrx_word' id='word_1_319' title='bbox 1528 3453 1667 3504; x_wconf 77' lang='lat' dir='ltr'><strong>First,</strong></span> <span class='ocrx_word' id='word_1_320' title='bbox 1685 3452 1790 3497; x_wconf 86' lang='lat' dir='ltr'><strong>that</strong></span> <span class='ocrx_word' id='word_1_321' title='bbox 1824 3454 2041 3498; x_wconf 87' lang='lat' dir='ltr'><strong>seducers</strong></span> 
     </span>
     <span class='ocr_line' id='line_1_39' title="bbox 209 3518 2042 3582; baseline 0.003 -19"><span class='ocrx_word' id='word_1_322' title='bbox 209 3518 327 3563; x_wconf 81' lang='lat' dir='ltr'><strong>have</strong></span> <span class='ocrx_word' id='word_1_323' title='bbox 353 3520 469 3564; x_wconf 91' lang='lat' dir='ltr'><strong>used</strong></span> <span class='ocrx_word' id='word_1_324' title='bbox 488 3520 580 3564; x_wconf 86' lang='lat' dir='ltr'><strong>this</strong></span> <span class='ocrx_word' id='word_1_325' title='bbox 601 3525 798 3578; x_wconf 86' lang='lat' dir='ltr'><strong>pretext,</strong></span> <span class='ocrx_word' id='word_1_326' title='bbox 825 3523 879 3565; x_wconf 89' lang='lat' dir='ltr'><strong>of</strong></span> <span class='ocrx_word' id='word_1_327' title='bbox 900 3522 981 3566; x_wconf 86' lang='lat' dir='ltr'><strong>the</strong></span> <span class='ocrx_word' id='word_1_328' title='bbox 1005 3523 1138 3582; x_wconf 83' lang='lat' dir='ltr'><strong>glory</strong></span> <span class='ocrx_word' id='word_1_329' title='bbox 1168 3524 1222 3567; x_wconf 84' lang='lat' dir='ltr'><strong>of</strong></span> <span class='ocrx_word' id='word_1_330' title='bbox 1245 3524 1363 3575; x_wconf 81' lang='lat' dir='ltr'><strong>God,</strong></span> <span class='ocrx_word' id='word_1_331' title='bbox 1392 3528 1442 3568; x_wconf 84' lang='lat' dir='ltr'><strong>to</strong></span> <span class='ocrx_word' id='word_1_332' title='bbox 1469 3524 1649 3568; x_wconf 89' lang='lat' dir='ltr'><strong>disturb</strong></span> <span class='ocrx_word' id='word_1_333' title='bbox 1679 3523 1916 3569; x_wconf 86' lang='lat' dir='ltr'><strong>Churches</strong></span> <span class='ocrx_word' id='word_1_334' title='bbox 1948 3526 2042 3569; x_wconf 89' lang='lat' dir='ltr'><strong>and</strong></span> 
     </span>
     <span class='ocr_line' id='line_1_40' title="bbox 212 3591 1435 3652; baseline 0.004 -18"><span class='ocrx_word' id='word_1_335' title='bbox 212 3591 381 3644; x_wconf 84' lang='lat' dir='ltr'><strong>States,</strong></span> <span class='ocrx_word' id='word_1_336' title='bbox 401 3606 450 3635; x_wconf 90' lang='lat' dir='ltr'><strong>as</strong></span> <span class='ocrx_word' id='word_1_337' title='bbox 472 3593 763 3650; x_wconf 90' lang='lat' dir='ltr'><strong>complained</strong></span> <span class='ocrx_word' id='word_1_338' title='bbox 786 3594 839 3637; x_wconf 88' lang='lat' dir='ltr'><strong>of</strong></span> <span class='ocrx_word' id='word_1_339' title='bbox 856 3594 918 3651; x_wconf 91' lang='lat' dir='ltr'><strong>by</strong></span> <span class='ocrx_word' id='word_1_340' title='bbox 938 3599 1200 3652; x_wconf 89' lang='lat' dir='ltr'><strong>protestant</strong></span> <span class='ocrx_word' id='word_1_341' title='bbox 1220 3595 1435 3639; x_wconf 88' lang='lat' dir='ltr'><strong>Divines:</strong></span> 
     </span>
    </p>

    <p class='ocr_par' dir='ltr' id='par_1_11' title="bbox 211 3662 2043 3795">
     <span class='ocr_line' id='line_1_41' title="bbox 302 3662 2043 3726; baseline 0.003 -20"><span class='ocrx_word' id='word_1_342' title='bbox 302 3662 484 3716; x_wconf 73' lang='lat' dir='ltr'><strong>Second,</strong></span> <span class='ocrx_word' id='word_1_343' title='bbox 516 3664 621 3708; x_wconf 91' lang='lat' dir='ltr'><strong>that</strong></span> <span class='ocrx_word' id='word_1_344' title='bbox 641 3665 722 3709; x_wconf 89' lang='lat' dir='ltr'><strong>the</strong></span> <span class='ocrx_word' id='word_1_345' title='bbox 743 3665 959 3723; x_wconf 88' lang='lat' dir='ltr'><strong>Apostles</strong></span> <span class='ocrx_word' id='word_1_346' title='bbox 985 3667 1094 3725; x_wconf 87' lang='lat' dir='ltr'><strong>only</strong></span> <span class='ocrx_word' id='word_1_347' title='bbox 1116 3667 1325 3710; x_wconf 85' lang='lat' dir='ltr'><strong>mention</strong></span> <span class='ocrx_word' id='word_1_348' title='bbox 1349 3666 1431 3710; x_wconf 85' lang='lat' dir='ltr'><strong>the</strong></span> <span class='ocrx_word' id='word_1_349' title='bbox 1461 3667 1595 3726; x_wconf 86' lang='lat' dir='ltr'><strong>glory</strong></span> <span class='ocrx_word' id='word_1_350' title='bbox 1626 3667 1680 3712; x_wconf 85' lang='lat' dir='ltr'><strong>of</strong></span> <span class='ocrx_word' id='word_1_351' title='bbox 1708 3667 1813 3712; x_wconf 82' lang='lat' dir='ltr'><strong>God</strong></span> <span class='ocrx_word' id='word_1_352' title='bbox 1834 3669 1881 3712; x_wconf 92' lang='lat' dir='ltr'><strong>in</strong></span> <span class='ocrx_word' id='word_1_353' title='bbox 1905 3668 2043 3713; x_wconf 87' lang='lat' dir='ltr'><strong>order</strong></span> 
     </span>
     <span class='ocr_line' id='line_1_42' title="bbox 211 3736 1608 3795; baseline 0.004 -18"><span class='ocrx_word' id='word_1_354' title='bbox 211 3737 262 3778; x_wconf 91' lang='lat' dir='ltr'><strong>to</strong></span> <span class='ocrx_word' id='word_1_355' title='bbox 281 3748 425 3792; x_wconf 87' lang='lat' dir='ltr'><strong>peace</strong></span> <span class='ocrx_word' id='word_1_356' title='bbox 446 3736 539 3778; x_wconf 87' lang='lat' dir='ltr'><strong>and</strong></span> <span class='ocrx_word' id='word_1_357' title='bbox 558 3736 799 3795; x_wconf 88' lang='lat' dir='ltr'><strong>brotherly</strong></span> <span class='ocrx_word' id='word_1_358' title='bbox 816 3738 932 3791; x_wconf 85' lang='lat' dir='ltr'><strong>love,</strong></span> <span class='ocrx_word' id='word_1_359' title='bbox 952 3739 1039 3782; x_wconf 90' lang='lat' dir='ltr'><strong>but</strong></span> <span class='ocrx_word' id='word_1_360' title='bbox 1059 3738 1190 3783; x_wconf 87' lang='lat' dir='ltr'><strong>these</strong></span> <span class='ocrx_word' id='word_1_361' title='bbox 1210 3738 1286 3783; x_wconf 85' lang='lat' dir='ltr'><strong>for</strong></span> <span class='ocrx_word' id='word_1_362' title='bbox 1311 3740 1608 3783; x_wconf 85' lang='lat' dir='ltr'><strong>contention:</strong></span> 
     </span>
    </p>

    <p class='ocr_par' dir='ltr' id='par_1_12' title="bbox 305 3806 2044 3870">
     <span class='ocr_line' id='line_1_43' title="bbox 305 3806 2044 3870; baseline 0.004 -22"><span class='ocrx_word' id='word_1_363' title='bbox 305 3806 459 3860; x_wconf 83' lang='lat' dir='ltr'><strong>Third,</strong></span> <span class='ocrx_word' id='word_1_364' title='bbox 480 3806 583 3851; x_wconf 86' lang='lat' dir='ltr'><strong>that</strong></span> <span class='ocrx_word' id='word_1_365' title='bbox 613 3808 695 3853; x_wconf 85' lang='lat' dir='ltr'><strong>the</strong></span> <span class='ocrx_word' id='word_1_366' title='bbox 724 3809 858 3868; x_wconf 82' lang='lat' dir='ltr'><strong>glory</strong></span> <span class='ocrx_word' id='word_1_367' title='bbox 892 3810 945 3855; x_wconf 85' lang='lat' dir='ltr'><strong>of</strong></span> <span class='ocrx_word' id='word_1_368' title='bbox 974 3811 1093 3866; x_wconf 84' lang='lat' dir='ltr'><strong>God,</strong></span> <span class='ocrx_word' id='word_1_369' title='bbox 1124 3825 1173 3856; x_wconf 90' lang='lat' dir='ltr'><strong>as</strong></span> <span class='ocrx_word' id='word_1_370' title='bbox 1203 3815 1408 3870; x_wconf 86' lang='lat' dir='ltr'><strong>respects</strong></span> <span class='ocrx_word' id='word_1_371' title='bbox 1430 3811 1576 3869; x_wconf 87' lang='lat' dir='ltr'><strong>single</strong></span> <span class='ocrx_word' id='word_1_372' title='bbox 1597 3812 1789 3866; x_wconf 89' lang='lat' dir='ltr'><strong>actions,</strong></span> <span class='ocrx_word' id='word_1_373' title='bbox 1810 3814 1848 3857; x_wconf 85' lang='lat' dir='ltr'><strong>is</strong></span> <span class='ocrx_word' id='word_1_374' title='bbox 1868 3826 1897 3856; x_wconf 88' lang='grc'>3</span> <span class='ocrx_word' id='word_1_375' title='bbox 1917 3816 2044 3856; x_wconf 83' lang='lat' dir='ltr'><strong>tran-</strong></span> 
     </span>
    </p>
   </div>
   <div class='ocr_carea' id='block_1_7' title="bbox 1724 3883 1873 3933">
    <p class='ocr_par' dir='ltr' id='par_1_13' title="bbox 1724 3883 1873 3933">
     <span class='ocr_line' id='line_1_44' title="bbox 1724 3883 1873 3933; baseline 0 0"><span class='ocrx_word' id='word_1_376' title='bbox 1724 3883 1873 3933; x_wconf 76' lang='lat'><strong>4-2</strong></span> 
     </span>
    </p>
   </div>
  </div>
 </body>
</html>
