2482 4166
874 281 1258 328 PRAELECTIO
1300 283 1524 329 SEXTA.
2015 280 2117 329 201

286 414 599 488 gislatorem,
629 431 732 466 non
759 413 1154 467 substantialia
1183 417 1384 465 tantum
1415 409 1581 465 cultus
1619 410 1840 475 Judaici,
1871 412 1978 475 sed,
2019 432 2121 484 qua

286 503 402 549 erat
447 495 711 558 fidelitate,
754 502 807 548 et
849 494 1213 548 minutissimas
1256 512 1485 563 quasque
1525 495 1968 547 circumstantias
2004 495 2122 567 lege

284 595 379 631 sua
419 577 709 630 definivisse
728 597 741 641 ;
787 583 841 630 et
877 576 932 629 in
975 576 1317 630 construendo
1367 577 1728 638 tabernacul0,
1778 574 1867 645 qui
1914 575 2121 629 futurus

284 666 399 712 erat
427 661 687 713 Ecclesioe
721 661 1049 714 Christianos
1077 665 1252 730 typuS‚
1284 658 1351 711 ad
1381 659 1704 728 exemplaris
1728 660 1836 711 sibi
1862 660 1923 710 in
1948 669 2121 712 monte

273 744 547 811 propositi
574 741 743 794 ideam
773 742 944 794 omnia
973 741 1041 794 ad
1062 740 1302 793 amussim
1319 740 1609 810 perfecisse.
1656 739 1920 793 Christum
1943 739 2121 810 utique

282 826 432 878 Novi
472 826 802 877 Testamenti
829 825 1235 893 Leyislatorem,
1263 822 1362 875 nisi
1391 822 1562 875 omnia
1590 828 1644 875 et
1677 822 1880 894 singula
1916 840 2031 892 quae
2066 822 2120 874 in

283 908 433 959 cultu
473 908 863 960 Ecclesiastico
907 905 1208 978 peragenda
1256 911 1392 967 sunt,
1440 923 1603 975 usque
1646 905 1714 957 ad
1757 903 2119 957 minutissimas

283 1006 512 1057 quasque
561 991 1005 1042 circumstantias
1060 987 1477 1058 praescripsisset,
1531 986 1716 1040 merito
1775 986 1916 1039 credi
1968 1005 2119 1058 posse

283 1069 443 1139 (quod
472 1069 557 1123 vel
584 1069 832 1140 suspicari
859 1070 1092 1140 proxime
1129 1089 1161 1123 a
1189 1070 1510 1141 blasphemia
1543 1070 1729 1137 abest,)
1773 1071 1952 1122 minus
1979 1072 2117 1137 fiole-

285 1153 384 1204 lem
412 1150 467 1203 in
494 1151 644 1205 domo
673 1152 774 1205 Dei
800 1153 955 1205 fuisse
985 1171 1140 1222 quam
1168 1152 1341 1206 fuerat
1381 1155 1575 1206 Moses.
1654 1151 1860 1205 Christo
1901 1151 2119 1222 proinde

282 1233 535 1306 insignem
590 1234 704 1287 fieri
742 1234 985 1304 injuriam
1027 1235 1240 1305 pariter,
1285 1242 1339 1288 et
1381 1233 1770 1297 contumeliam3
1818 1233 1950 1304 siqui
1993 1237 2119 1288 novi

283 1319 440 1378 ritus,
481 1335 608 1386 quos
629 1317 738 1387 ipse
766 1336 1016 1387 nusquam
1045 1316 1282 1379 instituit,
1315 1319 1641 1370 auctoritate
1669 1318 1912 1369 humana
1935 1316 1990 1368 in
2018 1318 2119 1369 Ec-

282 1398 487 1451 clesiam
512 1399 816 1462 inferantur,
848 1407 940 1452 aut
967 1418 1001 1451 a
1018 1401 1174 1468 plebe
1210 1401 1529 1454 Christiana
1553 1398 1884 1469 recipiantur.
1954 1399 2117 1469 Atqui

281 1480 534 1551 imprimis
576 1481 795 1553 cogitari
829 1481 1119 1534 debuerant
1147 1481 1235 1551 qui
1263 1481 1364 1534 ista
1390 1480 1649 1551 objiciunt,
1681 1482 1779 1533 hoc
1807 1489 2116 1552 argumento

280 1581 384 1615 non
423 1562 589 1616 minus
631 1566 802 1633 Leyes
839 1566 1108 1616 humanas
1135 1565 1400 1632 politicas
1434 1562 1599 1615 everti
1628 1579 1782 1631 quam
1811 1564 2116 1616 Ecclesias-

282 1647 435 1699 ticas.
523 1648 704 1698 Moses
737 1645 873 1698 enim
915 1663 980 1697 ex
1021 1644 1124 1697 Dei
1165 1645 1411 1698 mandato
1451 1646 1683 1698 Hebroeo
1720 1645 1909 1714 populo
1946 1645 2116 1716 legem

278 1726 424 1780 dedit
452 1734 645 1780 certam
676 1735 728 1781 et
758 1727 1035 1790 definitam,
1072 1746 1177 1779 non
1220 1746 1398 1780 eorum
1433 1729 1642 1779 rituum
1683 1727 1847 1779 solum
1891 1745 2009 1796 quae
2047 1729 2115 1780 ad

277 1810 482 1862 cultum
509 1812 633 1872 Dei,
666 1810 758 1863 sed
801 1817 853 1863 et
896 1828 1073 1862 eorum
1103 1811 1443 1878 judiciorum
1486 1827 1602 1881 quae
1642 1810 1711 1862 ad
1755 1811 1933 1862 civilis
1975 1812 2114 1880 reqi-

276 1894 441 1945 minis
468 1893 962 1946 administrationem
992 1893 1336 1963 pertinebant.

394 1976 599 2029 XXXI.
687 1975 892 2029 Deinde
920 1983 974 2028 et
1007 1974 1133 2028 illud
1162 1978 1389 2028 secundo
1419 1974 1603 2028 mirum
1644 1980 1723 2027 est
1757 1992 1843 2027 eos
1872 1992 1976 2026 non
2004 1974 2113 2027 ani-

275 2058 626 2120 madvertisse,
659 2058 929 2111 collatione
958 2057 1067 2127 ejus
1085 2059 1378 2126 fiolelitatis
1407 2076 1522 2126 quae
1550 2057 1649 2109 fuit
1676 2056 1731 2108 in
1759 2064 1979 2126 utroque
2008 2059 2114 2110 Le-

271 2142 547 2208 9islat0re,
588 2143 741 2193 Mose
780 2147 833 2192 et
869 2142 1097 2202 Christe,
1130 2140 1217 2192 vix
1245 2139 1438 2209 aliquid
1466 2139 1533 2191 ab
1563 2139 1636 2191 eis
1671 2138 1857 2191 adduci
1886 2139 2113 2209 potuisse

269 2221 627 2291 importunius„
667 2222 805 2292 quod
834 2239 1000 2274 causae
1029 2240 1137 2274 suae
1162 2221 1344 2291 majori
1370 2228 1505 2274 esset
1533 2227 1853 2283 nocumentO,
1892 2228 1945 2274 et
1974 2222 2113 2291 quod

273 2304 580 2357 sententiam
622 2311 851 2357 nostram
894 2303 1110 2356 validius
1151 2304 1492 2357 confirmaret.
1581 2304 1725 2357 Sicut
1768 2303 1902 2356 enim
1946 2322 2011 2356 ex
2050 2322 2113 2356 eo

273 2386 412 2455 quod
439 2389 634 2450 Moses,
659 2393 713 2439 et
740 2386 793 2439 in
812 2388 1109 2440 ritualibus
1130 2393 1184 2439 et
1204 2386 1257 2438 in
1268 2388 1659 2455 judicialibus.
1674 2385 1863 2457 populo
1892 2387 1927 2438 J
1930 2385 2111 2438 udaico

274 2577 486 2623 Church:
518 2578 594 2622 for
617 2577 768 2622 which
787 2578 942 2622 Moses
966 2577 1232 2635 prescribed
1257 2577 1339 2621 the
1369 2581 1492 2622 most
1521 2577 1701 2620 minute
1739 2576 2113 2629 circumstances,

271 2664 322 2693 as
348 2650 451 2693 well
472 2663 521 2693 as
541 2649 624 2693 the
648 2649 924 2693 substantIal
944 2657 1086 2707 parts,
1111 2650 1166 2693 of
1185 2649 1397 2706 worship.
1464 2648 1564 2692 The
1594 2648 1876 2699 tabernacle,
1896 2647 1978 2691 the
1998 2652 2113 2705 type

272 2721 326 2764 of
342 2721 423 2765 the
442 2721 602 2765 future
625 2720 825 2773 Church,
846 2734 936 2764 was
959 2721 1095 2764 made
1126 2721 1176 2763 in
1206 2721 1270 2764 all
1291 2720 1446 2778 things
1467 2720 1717 2776 according
1742 2724 1792 2762 to
1818 2719 1900 2763 the
1920 2723 2112 2777 pattern

270 2792 320 2835 in
340 2792 421 2836 the
441 2797 620 2836 mount.
686 2792 842 2836 Christ
870 2796 996 2835 must
1021 2792 1256 2836 therefore
1281 2791 1400 2835 have
1419 2791 1646 2849 provided
1671 2791 1734 2834 all
1764 2790 1921 2847 things
1947 2804 2110 2834 neces-

269 2877 377 2921 sary
413 2863 490 2907 for
525 2863 597 2907 his
634 2863 836 2916 Church,
868 2863 1111 2908 otherwise
1150 2863 1211 2907 he
1242 2863 1395 2907 would
1429 2863 1548 2906 have
1581 2862 1704 2906 been
1736 2875 1765 2904 a
1798 2862 1888 2905 less
1919 2861 2110 2905 faithful

270 2935 482 2978 minister
503 2935 557 2979 of
573 2935 677 2979 God
704 2935 819 2978 than
840 2935 1023 2987 Moses3
1055 2935 1147 2978 and
1172 2936 1210 2979 it
1243 2935 1281 2979 is
1307 2948 1367 2978 an
1401 2934 1546 2978 insult
1582 2938 1630 2977 to
1666 2933 1765 2976 him
1792 2937 1841 2976 to
1876 2932 1968 2975 add
1996 2946 2109 2990 any-

270 3005 405 3063 thing
424 3011 474 3050 to
495 3005 619 3050 what
638 3006 699 3050 he
728 3006 812 3050 has
834 3006 1103 3064 appointed.

359 3076 548 3121 Answer
574 3082 614 3120 1.
679 3077 793 3121 This
825 3078 1003 3135 applies
1023 3082 1073 3120 to
1093 3077 1302 3134 political
1320 3077 1445 3128 laws,
1476 3090 1526 3120 as
1551 3076 1656 3119 well
1682 3088 1732 3118 as
1761 3073 2104 3118 ecclesiastical.

269 3146 425 3190 Moses
445 3147 728 3191 established
746 3148 857 3192 laws
877 3148 953 3191 for
977 3148 1084 3192 civil
1103 3152 1422 3204 government,
1445 3161 1495 3192 as
1521 3146 1624 3191 well
1648 3159 1698 3189 as
1719 3146 1830 3190 rites
1855 3144 1931 3188 for
1953 3144 2112 3189 divine

270 3216 683 3331 worglllip'Answer
709 3293 750 3331 2.
813 3287 914 3332 The
939 3286 1236 3332 faithfulness
1262 3289 1318 3332 of
1338 3288 1493 3333 Christ
1517 3287 1610 3331 and
1633 3287 1688 3331 of
1706 3286 1860 3330 Moses
1885 3287 1924 3330 is
1949 3285 2108 3331 shewn

269 3359 318 3401 in
340 3372 367 3401 a
387 3372 499 3415 very
520 3358 736 3402 different
756 3371 962 3402 manner.
1022 3358 1177 3402 Moses
1197 3359 1286 3403 left
1305 3360 1484 3416 precise
1504 3359 1643 3410 rules‚
1662 3357 1780 3401 both
1799 3357 1993 3413 judicial
2013 3359 2107 3402 and

269 3429 425 3481 ritual,
448 3429 523 3472 for
546 3428 628 3472 the
655 3430 776 3472 Jews
790 3444 803 3480 3
834 3428 1023 3472 whence
1045 3442 1113 3472 we
1133 3430 1265 3472 learn
1297 3429 1402 3473 that
1422 3429 1504 3473 the
1536 3429 1625 3471 law
1648 3442 1740 3472 was
1769 3432 1819 3471 to
1848 3429 1949 3472 rule
1974 3428 2107 3473 them

268 3499 363 3543 like
402 3514 430 3543 a
468 3499 814 3551 schoolmaster,
853 3499 943 3543 few
980 3498 1136 3556 things
1166 3500 1309 3557 being
1341 3500 1430 3543 left
1462 3499 1818 3543 undetermined
1854 3500 1947 3542 and
1985 3500 2101 3544 free.

267 3571 363 3614 But
384 3571 510 3614 since
533 3570 686 3614 Christ
710 3571 794 3614 has
816 3570 1108 3614 determined
1135 3585 1246 3629 very
1270 3571 1359 3615 few
1386 3571 1697 3622 Ceremonies,
1717 3584 1785 3614 we
1811 3571 1977 3614 collect
2001 3570 2105 3615 that

269 3641 525 3685 Christians
546 3641 595 3684 in
616 3642 728 3686 such
750 3646 942 3685 matters
968 3655 1048 3685 are
1068 3641 1156 3686 left
1176 3646 1226 3687 to
1248 3641 1371 3687 their
1401 3641 1635 3687 Christian
1662 3641 1849 3700 liberty,
1871 3641 1987 3686 both
2007 3642 2102 3700 pri-

267 3717 374 3756 vate
394 3726 586 3770 persons
606 3713 699 3757 and
724 3713 1029 3771 magistrates
