2482 4166
396 271 499 322 120
651 277 737 321 DE
779 275 1150 331 ADAEQUATA
1192 276 1639 323 OONSCIENTIAE
1678 274 1957 321 REGULA.

396 407 594 478 pariter
628 424 689 460 ac
721 406 819 477 ipsi
854 408 1055 469 Judoei,
1091 405 1345 459 universa.
1432 405 1481 458 A
1526 404 1719 458 Christi
1757 411 1930 458 autem
1966 414 2132 457 morte
2172 410 2227 456 et

398 492 797 552 resurrectione,
844 507 908 541 ex
947 507 1048 558 quo
1090 495 1323 558 tempore
1362 488 1513 558 coepit
1562 490 1774 541 Judaeis
1823 487 1941 540 solis
1985 486 2223 557 primum,

401 572 522 625 dein
546 579 664 643 post
691 571 843 642 paulo
874 577 926 623 et
960 573 1232 632 Gentibus,
1263 569 1535 641 praedicari
1562 572 1943 639 Evanyelium,
1966 586 2128 638 usque
2157 567 2226 619 ad

400 654 717 708 eversionem
779 655 991 724 Templi
1034 654 1524 721 Hierosolymitani
1584 658 1638 704 et
1682 653 1898 721 politice
1953 652 2223 711 Judaicae,

400 736 555 789 fuisse
584 737 715 789 hanc
745 737 939 807 Legem
974 736 1054 803 (ut
1088 741 1204 805 post
1230 729 1623 804 bAuyustinum
1659 733 1800 802 loqui
1841 735 2036 801 amant)
2075 734 2227 784 Mor-

406 830 575 882 tuam,
616 819 708 871 sed
748 836 852 870 non
894 819 1232 887 mortiferam
1252 836 1269 869 .·
1315 817 1414 869 hoc
1456 822 1548 878 est,
1589 814 1814 867 amisisse
1864 815 2071 884 quidem
2116 816 2227 866 vim

399 903 682 970 obliyandi
699 920 718 962 ;
761 918 864 952 non
902 906 1076 953 tamen
1114 899 1269 951 fuisse
1310 898 1441 951 ritus
1482 916 1515 951 a
1563 899 1710 950 Mose
1754 896 1974 950 traditos
2015 913 2228 967 prorsus

400 985 640 1045 illicitos,
680 983 772 1035 sed
815 982 992 1035 liberae
1034 980 1438 1043 observationis3
1497 980 1572 1033 ita
1620 986 1679 1033 ut
1730 979 1809 1032 fas
1854 985 1989 1032 esset
2033 977 2227 1030 homini

401 1065 574 1126 cuiviS,
627 1072 782 1134 prout
826 1082 912 1116 res
960 1063 1261 1133 postularet,
1315 1062 1513 1131 (habita
1568 1061 1776 1115 interim
1817 1062 2128 1132 prudentioe
2174 1066 2228 1114 et

403 1148 660 1200 caritatis
688 1146 831 1216 justa
867 1146 1109 1213 ratione,)
1145 1145 1269 1215 ipsis
1308 1163 1404 1215 pro
1432 1144 1648 1197 arbitrio
1677 1144 1759 1197 vel
1787 1144 1864 1197 uti
1893 1143 1976 1197 vel
2004 1161 2107 1195 non
2133 1142 2225 1195 uti.

404 1230 572 1292 Quam
624 1228 782 1281 fuisse
830 1230 900 1280 B.
949 1229 1130 1280 Pauli
1175 1233 1416 1291 mentem,
1474 1245 1540 1279 ex
1596 1226 1755 1296 ipsius
1808 1224 2063 1278 constanti
2117 1231 2228 1278 tum

402 1313 656 1365 doctrina
681 1318 793 1364 tum
811 1312 990 1380 praxi
1018 1308 1337 1362 manifestius
1366 1316 1444 1362 est
1480 1326 1634 1378 quam
1672 1315 1733 1362 ut
1773 1306 1983 1378 probari
2025 1306 2227 1360 debeat.

401 1397 541 1447 Post
569 1396 884 1447 eversionem
922 1394 1134 1462 Templi
1162 1391 1383 1461 denique
1410 1409 1443 1444 a
1480 1390 1741 1461 plerisque
1775 1389 1873 1443 dici
1905 1389 2086 1453 solere,
2126 1407 2231 1441 non

401 1487 673 1529 mortuam
699 1476 861 1527 solum
890 1494 1001 1528 esse
1030 1476 1162 1527 hanc
1190 1473 1320 1546 legis
1349 1473 1590 1526 Mosaicae
1618 1480 1837 1544 partem,
1877 1473 1967 1526 sed
2005 1479 2059 1525 et
2092 1491 2233 1525 mor·-

404 1561 637 1627 tiferam.
721 1557 873 1620 Quod
912 1557 1192 1610 subvereor
1236 1574 1302 1608 ne
1350 1555 1662 1628 ingeniosius
1712 1556 1902 1609 dictum
1947 1555 2232 1626 deprehen-

405 1642 560 1692 datur
590 1657 742 1708 quam
781 1639 1025 1692 solidius:
1069 1638 1165 1690 nisi
1209 1638 1393 1690 dextre
1437 1637 1721 1708 explicetur
1753 1645 1806 1690 et
1844 1656 1958 1690 cum
1999 1637 2232 1690 adhibita

405 1722 743 1775 distinctione.
822 1723 943 1773 Non
980 1720 1113 1773 enim
1152 1726 1270 1773 sunt
1313 1720 1482 1773 omnia
1529 1722 1927 1773 Ceremonialia
1965 1719 2080 1790 pari
2121 1719 2230 1771 loco

404 1803 675 1857 habenda:
706 1804 796 1856 sed
824 1804 912 1856 illa
940 1821 1055 1873 quae
1084 1809 1203 1855 sunt
1240 1804 1481 1864 Ordinis,
1515 1809 1568 1855 et
1586 1802 1860 1864 decentiae,
1891 1802 1957 1854 ab
1987 1801 2086 1853 illis
2115 1819 2231 1871 quae

399 1887 630 1940 futurum
675 1885 938 1939 Christum
968 1887 1302 1954 fiqurabant,
1353 1884 1639 1955 prudenter
1688 1884 1993 1955 separanda.
2081 1885 2229 1938 Cere-

400 1971 611 2021 monias
635 1968 747 2020 illas
764 1969 1112 2037 separativa&
1143 1985 1257 2037 quae
1282 1985 1315 2020 a
1350 1968 1465 2019 Deo
1502 1966 1750 2019 institutae
1786 1973 1920 2029 sunt,
1965 1973 2024 2019 ut
2063 1974 2233 2019 essent

398 2051 515 2121 typi
570 2053 775 2105 Christi
816 2051 1167 2118 redemptoris
1208 2049 1262 2101 in
1304 2067 1457 2101 carne
1500 2049 1719 2112 venturi,
1761 2048 2043 2119 cujusmodi
2084 2049 2232 2101 fuere

408 2136 773 2195 CircumcisiO,
808 2133 1115 2200 Sacrificia,
1160 2138 1213 2184 et
1255 2131 1356 2184 alia
1391 2131 1636 2183 nonnulla
1676 2131 1873 2193 similia,
1917 2138 2114 2184 certum
2153 2139 2232 2185 est

402 2235 468 2268 ex
497 2234 597 2285 quo
631 2218 882 2269 Christus
911 2213 1079 2267 omnia
1107 2213 1206 2266 illis
1236 2213 1532 2266 ceremoniis
1564 2216 1738 2283 typice
1763 2216 2030 2283 fiyurata,
2061 2212 2233 2283 reipsa

402 2298 777 2368 adimpleverit,
815 2305 868 2351 et
909 2296 1079 2350 omnia
1116 2296 1217 2349 rite
1254 2314 1364 2349 esse
1400 2296 1680 2367 adimpleta
1713 2296 1953 2349 universo
1988 2295 2100 2348 orbi
2138 2314 2232 2365 per

402 2383 700 2450 Evanyelii
756 2380 835 2434 sui
891 2397 1156 2451 praecones
1213 2378 1520 2431 sufficienter
1576 2378 1979 2441 annunciaverit,
2037 2378 2233 2430 nullum

395 2463 504 2533 jam
533 2464 672 2516 ultra
697 2482 844 2515 usum
874 2463 1068 2515 habere
1094 2479 1258 2531 posse,
1288 2461 1507 2531 proinde
1535 2479 1637 2513 non
1675 2461 1837 2515 solum
1872 2467 1931 2514 ut
1966 2471 2233 2514 emortuas

404 2551 457 2597 et
484 2545 692 2615 putidas
721 2564 750 2598 e
778 2545 946 2598 medio
975 2544 1229 2597 tollendas
1259 2561 1385 2606 esse,
1424 2544 1516 2596 sed
1558 2550 1617 2596 ut
1648 2546 1946 2614 pestiferas
1989 2550 2041 2597 et
2083 2542 2233 2595 exiti-

682 2724 700 2751 b
727 2725 873 2773 [Epist.
892 2735 1070 2763 Lxxxu.
1090 2728 1187 2763 sect.
1205 2726 1266 2772 18,
1286 2725 1394 2773 Opp.
1414 2725 1530 2763 Tom.
1548 2726 1609 2764 ΙΙ.
1627 2738 1670 2774 p.
1689 2727 1773 2765 195.
1796 2737 1838 2763 Α.
1860 2725 1967 2775 sqq.]

402 2837 485 2882 the
504 2837 681 2881 Mosaic
701 2837 813 2881 rites
837 2850 958 2880 were
989 2841 1075 2880 not
1104 2836 1352 2880 unlawful:
1386 2836 1499 2895 they
1529 2851 1650 2881 were
1673 2838 1787 2890 free,
1819 2843 1869 2883 to
1904 2839 1964 2882 do
1990 2852 2043 2882 or
2069 2843 2152 2883 not
2181 2843 2231 2883 to

403 2910 477 2953 do.
555 2909 617 2952 So
641 2909 696 2952 St
715 2908 849 2962 Paul,
872 2907 988 2951 both
1012 2908 1075 2966 by
1099 2912 1292 2966 precept
1313 2909 1406 2951 and
1425 2909 1630 2965 practice
1654 2909 1858 2952 teaches.

496 2981 640 3024 From
659 2979 741 3024 the
766 2979 1055 3024 destruction
1076 2980 1129 3023 of
1150 2979 1232 3023 the
1254 2980 1463 3037 Temple,
1489 2980 1527 3023 it
1547 2980 1584 3023 is
1606 2980 1872 3038 commonly
1894 2979 1993 3024 said
2013 2979 2117 3023 that
2150 2979 2232 3023 the

402 3051 695 3096 Ceremonial
728 3052 839 3094 Law
875 3051 913 3095 is
946 3055 1031 3094 not
1069 3051 1178 3109 only
1213 3050 1347 3101 dead,
1389 3049 1475 3094 but
1511 3051 1693 3109 dcadly.
1767 3052 1861 3094 But
1905 3050 2012 3103 this,
2051 3050 2232 3107 though

402 3124 659 3181 ingenious,
683 3123 890 3181 requires
923 3122 1209 3166 distinction.
1282 3121 1361 3165 All
1391 3123 1675 3167 ceremonies
1710 3136 1789 3166 are
1813 3126 1898 3166 not
1922 3122 2070 3165 alike:
2104 3135 2232 3165 some

399 3209 479 3238 are
511 3195 794 3238 ceremonies
826 3194 881 3238 of
910 3192 1047 3238 order
1081 3192 1174 3236 and
1206 3193 1438 3251 decency3
1476 3193 1634 3238 others
1664 3208 1745 3238 are
1775 3194 2035 3251 figurative,
2061 3192 2233 3252 having

400 3266 666 3324 prefigured
708 3265 888 3318 Christ3
939 3279 988 3309 as
1030 3265 1375 3315 Circumcisi0n‚
1420 3266 1674 3318 Sacrifices,
1714 3266 1798 3310 &c.
1882 3264 2034 3308 These
2076 3264 2232 3316 latter,

398 3337 568 3395 having
587 3338 709 3381 been
726 3336 926 3381 fulfilled
944 3337 1007 3394 by
1026 3336 1194 3388 Christ,
1215 3350 1295 3380 are
1315 3350 1419 3380 now
1435 3341 1519 3380 not
1541 3338 1651 3395 only
1666 3337 1786 3380 dead
1806 3336 1892 3380 but
1912 3335 2232 3386 mischievous,

401 3409 494 3451 and
513 3408 695 3452 hateful
715 3413 765 3452 to
788 3409 1070 3453 Christiansz
1104 3408 1198 3451 and
1219 3408 1467 3466 especially
1487 3408 1530 3451 if
1558 3409 1783 3453 observed
1808 3407 1921 3451 with
1948 3421 2009 3450 an
2042 3406 2233 3464 opinion

403 3479 456 3521 of
474 3479 596 3522 their
620 3480 852 3538 necessity
866 3496 878 3532 3
919 3493 968 3524 as
992 3480 1047 3523 St
1070 3479 1191 3522 Paul
1212 3493 1328 3537 says,
1356 3479 1460 3523 Gal.
1484 3494 1524 3523 v.
1557 3485 1599 3524 2.

488 3551 583 3593 But
622 3549 835 3605 [Mosaic]
864 3551 1159 3595 Oeremonies
1190 3550 1342 3594 which
1373 3551 1606 3608 belonged
1632 3550 1741 3607 only
1765 3553 1815 3593 to
1853 3547 1992 3592 order
2022 3547 2116 3592 and
2153 3547 2233 3591 de-

401 3633 557 3677 cency,
586 3620 767 3678 though
802 3622 1002 3679 perhaps
1028 3627 1077 3666 to
1104 3622 1163 3666 be
1188 3622 1398 3672 avoided,
1426 3622 1674 3680 especially
1693 3619 1827 3663 when
1857 3618 1970 3676 they
1991 3633 2099 3676 may
2124 3618 2232 3676 give

402 3690 594 3742 offence‚
615 3705 693 3734 are
718 3696 802 3735 not
827 3694 1106 3750 necessarily
1130 3693 1378 3745 unlawfu13
1408 3693 1495 3737 but
1515 3706 1623 3750 may
1646 3692 1705 3735 be
1731 3689 1958 3748 regarded
1980 3705 2029 3734 as
2054 3694 2161 3748 part
2182 3689 2237 3732 of

400 3757 483 3802 the
505 3760 634 3803 office
660 3761 713 3803 of
728 3761 811 3805 the
830 3763 941 3805 Law
966 3776 1016 3806 as
1042 3776 1071 3806 a
1092 3763 1451 3807 Schoolmaster.
