2482 4166
361 261 467 310 250
972 267 1058 311 DE
1099 268 1268 313 LEGE
1309 267 1585 313 POENALI.

361 395 582 447 rialiter
623 392 872 465 accipitur
906 401 1061 466 prout
1103 395 1151 448 ei
1187 395 1464 467 opponitur
1503 397 1832 467 oppositione
1875 402 2159 453 contraria
2173 420 2193 462 ,·

362 476 418 532 id
466 483 559 539 est,
611 483 670 530 ut
726 476 920 547 species
968 478 1135 530 altera
1182 478 1513 531 condividens
1554 480 1692 532 idem
1738 498 1915 552 genus
2003 483 2075 535 Et
2123 482 2194 535 sic

363 578 513 612 omne
554 560 761 611 malum
805 560 943 628 quod
987 560 1223 630 cuiquam
1268 560 1491 623 obvenit,
1538 561 1676 631 quod
1717 580 1820 614 non
1868 570 1948 616 est
1989 566 2195 617 malum

362 643 549 712 σαίρω,
597 644 777 694 Poeua
822 641 1024 704 dicitur,
1064 642 1148 695 vel
1185 644 1392 695 malum
1431 662 1620 712 poenae,
1671 643 1872 697 etiamsi
1920 664 2024 698 non
2064 646 2194 699 infli-

365 731 523 795 gatur
554 723 601 775 ei
635 723 723 793 qui
750 723 804 776 id
840 723 1008 792 ipsum
1049 723 1247 793 patitur
1283 730 1500 793 propter
1537 724 1761 793 aliquam
1803 728 2194 781 antecedentem

364 808 598 875 culpam,
629 805 721 858 sed
750 804 954 857 aliunde
984 805 1063 871 (ut
1093 822 1214 856 casu
1251 804 1500 869 fortassiS‚
1545 812 1636 857 aut
1664 823 1758 875 per
1786 806 2046 877 injuriam)
2078 828 2195 861 con-

363 888 548 959 tingat.
638 887 723 940 Sic
750 887 965 939 morbus
1004 885 1256 955 inopinus,
1293 888 1535 956 pecunia
1578 886 1719 939 furto
1762 888 1952 952 ablata,
2003 892 2196 944 vulnus

363 988 397 1022 a
423 970 624 1022 latrone
651 968 850 1020 illatum
878 967 1152 1038 naufragio
1188 974 1280 1020 aut
1317 967 1552 1020 incendio
1595 971 1803 1022 amissa
1850 971 2002 1033 bona,
2047 990 2196 1025 omne

364 1051 586 1120 denique
614 1052 873 1101 damnum
902 1055 994 1101 aut
1020 1060 1390 1103 nocumentum
1426 1050 1565 1119 quod
1603 1069 1851 1121 perpessu
1893 1072 2057 1125 grave
2100 1061 2193 1117 est,

363 1132 501 1185 inter
540 1133 802 1185 Poenalia
845 1131 1107 1183 numerari
1153 1131 1351 1193 solent3
1397 1139 1450 1184 et
1489 1133 1582 1185 sub
1637 1134 1806 1186 Poenoe
1853 1136 2195 1205 appellatione

363 1214 558 1268 venire.
650 1213 972 1283 Quandoque
1017 1213 1171 1266 etiam
1213 1213 1500 1266 restrictius
1544 1214 1791 1284 accipitur
1819 1219 2007 1270 Poenae
2045 1235 2193 1271 voca-

363 1297 556 1359 bulum,
601 1303 655 1349 et
702 1295 848 1365 quasi
884 1297 1223 1365 formaliter,
1283 1303 1439 1366 prout
1483 1296 1662 1367 Culpae
1716 1298 1993 1367 opponitur
2036 1319 2195 1370 oppo-

362 1381 556 1432 sitione
592 1380 830 1431 relativa
846 1398 865 1439 ;
908 1378 962 1430 id
1008 1384 1101 1440 est,
1149 1385 1402 1448 quatenus
1449 1380 1564 1450 quis
1611 1397 1673 1432 ea
1718 1380 1934 1434 afficitur
1980 1389 2195 1452 propter

363 1462 743 1531 praecedentem
789 1462 1007 1530 cuipam
1028 1481 1044 1512 .·
1086 1467 1146 1513 ut
1187 1460 1345 1531 siquis
1383 1462 1448 1514 ob
1482 1480 1593 1514 rem
1635 1461 1848 1515 alterius
1877 1465 2040 1532 furto
2078 1464 2195 1517 sub-

363 1543 524 1595 latam
579 1543 828 1595 multetur
886 1544 1208 1612 quadrupl0‚
1267 1549 1359 1595 aut
1413 1546 1632 1598 emulare
1677 1544 1925 1615 jubeatur
1980 1553 2195 1617 propter

364 1627 693 1678 seditionem.
772 1626 843 1677 Et
876 1625 987 1676 haec
1023 1632 1102 1677 est
1141 1625 1368 1695 propria,
1413 1627 1556 1696 prior
1596 1626 1684 1679 illa
1728 1626 2024 1697 impropria,
2056 1628 2195 1682 vocis

366 1709 544 1759 Poenoe
589 1706 924 1778 significatio:
963 1706 1243 1775 improprie
1285 1707 1421 1759 enim
1459 1711 1632 1761 Poena
1673 1709 1874 1770 dicitur,
1910 1728 2063 1778 quam
2091 1729 2195 1762 non

363 1789 626 1859 praecessit
680 1790 870 1857 Culpa.
959 1789 1114 1840 Unde
1142 1788 1231 1840 illa
1258 1789 1521 1843 notissima
1559 1793 1739 1843 Poenae
1768 1791 2010 1854 definitio,
2056 1793 2195 1862 quod

362 1870 430 1923 sit
460 1872 824 1941 Supplicium,
856 1889 958 1940 quo
980 1872 1102 1940 quis
1120 1881 1348 1939 propter
1374 1873 1629 1925 delictum
1670 1876 1918 1942 afficitur.
2004 1873 2194 1926 Secun-

364 1952 487 2005 dum
516 1960 790 2022 utramque
813 1952 951 2004 vocis
979 1951 1401 2023 significationem
1430 1953 1570 2023 loqui
1599 1954 1926 2017 intendimuS,
1970 1954 2024 2007 in
2062 1975 2194 2027 prae-

363 2034 497 2087 senti
543 2033 890 2105 disputatione
934 2040 1091 2104 prout
1136 2051 1221 2085 res
1264 2034 1583 2104 postulabit.⁴
1650 2037 1754 2089 Sed
1790 2037 2044 2107 posterior
2082 2039 2195 2091 haec

362 2116 625 2188 praecipua
668 2123 778 2169 est:
819 2116 941 2185 quia
974 2117 1215 2185 poenalis
1258 2117 1377 2169 Leoe
1419 2117 1619 2180 dicitur,
1661 2136 1766 2170 non
1808 2125 1916 2170 tam
1956 2128 2198 2189 respectu

362 2201 555 2251 damni
598 2205 689 2252 aut
737 2198 1044 2260 nocumenti,
1097 2198 1235 2267 quod
1279 2198 1430 2251 alicui
1474 2206 1647 2269 potest
1701 2200 1964 2253 occasione
2012 2204 2194 2271 Le9i8,

362 2280 540 2351 (idque
568 2280 799 2334 fortassis
817 2280 972 2350 juste,
1004 2280 1114 2332 sine
1139 2280 1313 2350 aliqua
1335 2288 1508 2333 tamen
1537 2300 1630 2334 sua
1659 2284 1842 2352 culpa)
1872 2282 2194 2355 contingere3

361 2381 517 2432 quam
545 2370 785 2435 respectu
823 2362 957 2415 illius
990 2364 1266 2432 supplicii,
1306 2363 1445 2432 quod
1488 2382 1554 2416 ex
1600 2366 1731 2433 Zeyis
1768 2364 2196 2419 determinatione

360 2445 693 2498 constitutum
723 2452 802 2498 est
830 2445 902 2497 eis
932 2444 1020 2514 qui
1050 2463 1164 2497 eam
1193 2445 1664 2516 transgrediuntur.

488 2529 642 2581 XIII.
731 2527 1006 2580 Sciendum
1054 2529 1225 2589 tertie,
1289 2529 1486 2596 Leyem
1543 2530 1839 2591 Poeualem,
1884 2528 2036 2581 aliam
2084 2546 2195 2582 esse

351 2628 493 2680 pure
517 2611 813 2671 Poenalem,
841 2609 994 2661 aliam
1023 2612 1265 2661 mixtam.
1353 2611 1472 2662 Lem
1507 2629 1647 2682 pure
1679 2612 1918 2681 poenalis
1947 2618 2039 2673 est,
2078 2629 2195 2681 quae

360 2690 576 2759 simplici
605 2690 925 2742 ordinatione
955 2709 1176 2758 poenam
1216 2691 1429 2759 apponit
1461 2698 1678 2754 tantum,
1720 2711 1815 2745 nec
1852 2700 2027 2745 tamen
2055 2693 2194 2762 quic-

361 2789 517 2841 quam
561 2789 804 2840 expresse
834 2777 925 2822 aut
957 2772 1195 2837 jubendo
1233 2771 1467 2840 praecipit
1502 2781 1594 2825 aut
1621 2778 1865 2829 vetando,
1953 2774 2194 2844 Exempli

359 2853 549 2924 gratia,
595 2854 713 2905 Lex
757 2852 823 2904 sit
867 2869 983 2920 quae
1040 2858 1348 2921 potestatem
1394 2852 1550 2905 faciat
1599 2855 1930 2923 popularibus
1980 2856 2192 2926 alicujus

358 2936 512 2987 urbis
533 2934 616 2986 vel
641 2935 847 3003 oppidi,
872 2932 1096 3004 eligendi
1114 2932 1386 3002 quotannis
1413 2952 1570 2985 unum
1593 2935 1815 3004 aliquem
1839 2953 1904 2988 ex
1933 2936 2191 2989 honestio-

357 3016 502 3068 ribus
537 3015 733 3069 civibus
772 3015 827 3068 in
855 3016 1167 3077 Praetorem,
1204 3033 1319 3067 oum
1361 3014 1565 3084 adjecta
1594 3016 1886 3086 hujusmodi
1932 3017 2157 3070 clausula
2174 3037 2188 3081 ;

355 3202 576 3258 meaning
595 3215 687 3259 any
707 3202 798 3245 evil
818 3201 968 3246 which
989 3204 1027 3247 is
1047 3207 1131 3247 not
1151 3202 1369 3247 incurred
1384 3202 1447 3261 by
1461 3202 1609 3254 fault3
1635 3200 1900 3245 sometimes
1922 3200 2191 3252 connected,

355 3272 657 3330 punishment
681 3274 900 3331 meaning
925 3276 1015 3318 evil
1045 3274 1195 3318 which
1219 3275 1388 3318 results
1408 3274 1532 3317 from
1555 3273 1691 3316 fault.
1758 3271 1859 3315 The
1883 3271 2025 3315 latter
2047 3272 2086 3316 is
2113 3271 2192 3315 the

355 3357 528 3400 proper
550 3344 769 3401 meaning
793 3344 847 3387 of
866 3345 1181 3402 punishment,
1207 3345 1301 3388 and
1325 3345 1363 3388 is
1384 3344 1496 3388 here
1516 3343 1754 3387 intended.

447 3419 516 3458 13.
583 3414 772 3471 Thirdly
786 3432 802 3464 ;
837 3416 977 3459 Some
997 3417 1129 3459 Laws
1150 3430 1230 3459 are
1250 3416 1417 3473 purely
1442 3415 1604 3466 Penal,
1628 3414 1784 3458 others
1804 3412 2008 3470 mixedly
2026 3412 2188 3455 Penal.

444 3485 487 3528 A
511 3486 677 3544 purely
701 3487 850 3529 Penal
874 3488 983 3530 Law
1003 3487 1041 3530 is
1068 3501 1157 3531 one
1177 3486 1328 3530 which
1347 3487 1562 3544 appoints
1587 3499 1616 3528 a
1639 3484 1952 3542 punishment,
1971 3483 2056 3527 but
2078 3483 2188 3526 does

353 3560 438 3599 not
459 3558 693 3614 expressly
718 3558 964 3600 command
984 3558 1225 3615 anything.
1292 3557 1417 3601 Such
1441 3557 1517 3600 for
1540 3557 1748 3599 instance
1780 3555 1932 3596 would
1964 3554 2024 3597 be
2049 3568 2078 3596 a
2101 3553 2190 3596 law

355 3626 644 3683 autliorising
669 3627 750 3670 the
771 3628 957 3671 citizens
979 3629 1033 3672 of
1058 3642 1087 3671 a
1117 3629 1211 3685 city
1231 3632 1280 3672 to
1302 3628 1423 3671 elect
1443 3641 1581 3684 every
1600 3639 1712 3683 year
1732 3638 1821 3667 one
1843 3625 1897 3668 of
1912 3624 2035 3668 their
2054 3638 2188 3667 num-

353 3694 440 3738 ber
456 3711 506 3740 as
531 3697 726 3754 Mayor3
756 3699 849 3742 and
875 3699 1111 3756 declaring
1133 3699 1239 3742 that
1271 3698 1416 3756 “Any
1442 3698 1606 3741 citizen
1631 3696 1748 3748 who,
1772 3695 1913 3752 being
1933 3694 2113 3739 elected
2136 3707 2186 3737 as

354 3764 534 3822 Mayor,
565 3769 742 3814 refuses
767 3774 817 3813 to
849 3783 994 3822 serve,
1029 3770 1147 3815 shall
1166 3783 1260 3827 pay
1289 3784 1318 3813 a
1336 3768 1551 3813 hundred
1580 3766 1763 3825 pounds
1794 3770 1844 3810 to
1869 3766 1950 3810 the
1972 3776 2185 3809 common
