2482 4166
408 284 434 334 1
445 285 470 335 1
481 287 512 335 8
664 292 751 337 DE
797 290 947 337 ADAE
954 291 1170 346 QUATA
1212 291 1341 337 CON
1345 292 1376 337 S
1383 291 1533 337 CIEN
1536 292 1662 337 TIAE
1702 292 1981 337 REGULA.

407 422 578 474 debile
623 439 748 475 vero
795 427 888 484 est,
918 420 987 474 ‘in
1029 421 1112 474 his
1157 439 1273 493 quae
1319 421 1386 474 ab
1434 423 1917 476 universalissimis
1952 424 2244 493 prceceptis

408 510 527 557 sunt
554 504 816 574 aliquanto
846 503 1125 557 remotiora
1145 507 1179 574 :)
1222 504 1290 557 ad
1324 506 1529 557 Lumen
1566 507 1719 558 Verbi
1742 505 2114 557 recurrendum
2144 512 2241 566 est,

406 589 548 640 sicut
576 589 653 639 ad
683 589 957 640 lucernam
985 589 1045 640 in
1076 588 1185 640 loco
1216 588 1843 657 caliyinosofulyentem,
1873 589 1906 639 2
1937 589 2057 640 Pet.
2078 586 2110 640 i.
2137 589 2242 640 19:

407 670 498 721 Ad
527 670 721 738 Leyem
755 680 804 722 et
848 672 922 722 ad
962 671 1348 723 Testimonium
1366 689 1384 721 .-
1427 672 1477 722 si
1503 687 1608 722 ‘non
1638 671 1929 739 loquantur
1955 671 2244 723 secundum

407 752 505 804 hoe
533 753 763 814 verbum,
786 771 891 805 non
920 762 996 805 est
1024 754 1100 805 eis
1117 754 1260 814 Luoe,
1292 754 1432 805 Isai.
1455 751 1556 804 viii.
1589 754 1658 804 20
1681 770 1693 803 :
1739 754 1993 805 Lucerna
2011 753 2245 821 pedibus

407 835 540 887 meis
567 836 783 888 verbum
810 844 976 896 tuum,
1007 844 1057 887 et
1088 836 1262 886 lumen
1287 836 1556 903 messibus
1583 836 1729 896 meis,
1760 836 1920 887 Psal.
1952 834 2083 886 cxix.
2117 836 2242 886 105.

409 916 493 968 De
535 917 688 987 hujus
725 918 892 985 Leyis
924 918 1252 986 perfectione
1298 924 1351 969 et
1381 914 1639 969 'utilitate
1684 915 1727 968 si
1767 934 2054 969 sermonem
2102 915 2245 968 insti-

408 1005 626 1061 tuerem,
667 999 836 1050 nullus
872 1006 1004 1051 esset
1042 998 1245 1050 dicendi
1282 998 1411 1052 finis,
1498 999 1687 1053 Videte
1717 999 1865 1051 sodes
1893 998 1947 1050 in
1975 999 2108 1051 hanc
2132 1016 2244 1050 rem

410 1080 631 1133 Davidis
656 1082 946 1133 Psalmum
973 1082 1237 1133 decimum
1264 1099 1475 1143 nonum,
1502 1080 1592 1133 ubi
1628 1081 1791 1134 multa
1823 1080 1998 1151 paucis
2040 1087 2094 1133 et
2127 1099 2245 1133 con-

407 1160 652 1224 tractius3
697 1179 758 1213 ac
805 1163 1090 1214 Psalmum
1139 1162 1295 1214 etiam
1341 1165 1679 1216 centesimum
1723 1165 1988 1216 decimum
2030 1181 2242 1226 nonum,

408 1244 496 1297 ubi
540 1245 721 1296 eadem
763 1242 996 1314 pluribus
1043 1250 1096 1296 et
1139 1242 1369 1296 diffusius
1404 1244 1638 1315 exposita
1665 1244 1951 1315 reperietis·

528 1327 760 1380 XXVII.
850 1327 1015 1378 Porro
1068 1324 1222 1395 hujus
1279 1327 1444 1395 Leyis
1502 1326 1618 1379 duae
1674 1333 1852 1397 partes
1907 1332 2058 1380 sunt:
2127 1329 2246 1381 Lex

408 1409 618 1480 proprie
649 1408 802 1473 dicta,
834 1415 887 1461 et
914 1410 1296 1477 Evanyelium.
1382 1410 1580 1478 Leyem
1619 1427 1744 1462 vero
1789 1416 1842 1462 et
1879 1411 2245 1480 Evanyelium

408 1512 512 1545 non
553 1492 637 1544 hic
679 1491 911 1561 intelligo
957 1490 1010 1542 in
1061 1509 1121 1542 eo
1171 1509 1337 1553 senSU,
1382 1509 1483 1561 quo
1526 1491 1829 1562 plerumque
1884 1510 1918 1544 a
1964 1493 2245 1562 TheoZ09i3

412 1581 698 1635 sumuntur,
729 1591 825 1643 pro
853 1572 984 1625 binis
1015 1572 1118 1625 Dei
1146 1572 1285 1625 initis
1314 1591 1429 1625 cum
1457 1574 1680 1626 humano
1710 1592 1902 1645 genere
1908 1577 2214 1644 foederibus
2224 1595 2243 1636 ;

418 1660 650 1725 Operum
690 1654 879 1708 seilicet
922 1661 975 1707 et
1025 1656 1275 1708 Gratiae:
1319 1656 1410 1708 sed
1451 1656 1764 1725 populariuS,
1805 1675 1900 1726 pro
1943 1659 2243 1726 Scripturae

409 1741 603 1792 Libris
662 1738 864 1792 Veteris
903 1747 952 1790 et
997 1739 1146 1790 Novi
1190 1740 1560 1792 Instrumenti.
1648 1739 1848 1801 PatreS,
1896 1739 1964 1791 ad
2009 1746 2242 1792 nostrum

410 1821 592 1874 saltem
621 1820 911 1873 institutum
947 1837 1052 1871 non
1079 1818 1412 1882 incommode,
1442 1822 1640 1889 Leyem
1682 1823 1917 1874 Veterem
1945 1831 1996 1875 et
2023 1822 2242 1875 Novam

414 1903 672 1956 dixerunt.
760 1902 1052 1970 Utramque
1111 1902 1321 1972 Legem,
1382 1909 1435 1955 et
1483 1913 1708 1956 veterem
1759 1902 1900 1955 illam
1953 1906 2132 1957 ssffosis
2186 1905 2241 1957 in

405 1985 719 2046 universum,
761 1990 815 2035 et
854 2002 1048 2036 novam
1095 1984 1300 2037 Christi
1333 1991 1583 2054 quantum
1620 1985 1688 2037 ad
1725 1984 1867 2037 illam
1896 1992 2099 2056 partem
2130 2004 2236 2056 qua

408 2068 662 2121 Moralia
692 2063 934 2128 continet,
966 2072 1026 2118 ut
1064 2064 1297 2118 inutilem
1335 2084 1563 2136 prorsuS,
1610 2074 1664 2120 et
1705 2067 1986 2120 Christiani
2019 2069 2240 2121 hominis

407 2168 531 2202 cura
573 2147 808 2202 studiove
849 2150 1139 2218 (postquam
1175 2148 1367 2201 adultae
1412 2148 1467 2200 in
1515 2149 1723 2202 Christo
1765 2149 1933 2202 aetatis
1974 2150 2148 2213 fuerit,
2185 2159 2238 2204 et

406 2234 653 2285 unctione
699 2233 945 2301 Spiritus
995 2230 1252 2300 perfusus)
1303 2230 1569 2302 indignam
1625 2231 1926 2303 exagitant3
1987 2251 2083 2285 nec
2141 2232 2238 2285 nisi

399 2317 534 2384 fidei
579 2316 739 2383 leyem
786 2320 839 2366 et
887 2315 1133 2383 Spiritus
1178 2315 1448 2367 dictamen
1495 2313 1791 2381 admittunt,
1849 2315 2013 2368 nostri
2068 2315 2238 2369 saeculi

407 2398 706 2459 Antinomi‚
752 2397 1146 2465 Anabaptistae,
1194 2397 1586 2459 Enthusiastoe,
1637 2403 1691 2450 et
1735 2396 1935 2467 reliqua
1975 2397 2030 2450 id
2074 2416 2238 2470 genus

406 2479 703 2550 prodigiosa
729 2478 950 2531 nomina.
1043 2478 1184 2540 Quos
1222 2496 1326 2530 non
1361 2486 1440 2531 est
1477 2497 1613 2532 nunc
1648 2479 1912 2533 refutandi
1947 2479 2102 2543 locuS,
2136 2480 2237 2534 alia

406 2562 680 2631 agentibus
709 2580 721 2613 ε
763 2578 931 2629 neque
960 2566 1039 2611 est
1067 2559 1121 2611 id
1150 2559 1380 2628 profecto
1409 2561 1626 2613 multum
1660 2561 2034 2625 necessarimm
2080 2581 2236 2633 quum

406 2642 460 2693 in
487 2641 773 2694 istiusmodi
801 2659 1035 2693 errorum
1063 2647 1293 2693 monstra
1320 2641 1394 2694 ita
1432 2642 1659 2712 gladium
1681 2643 1790 2713 jam
1821 2643 1939 2696 olim
1968 2644 2237 2697 strinxerit

406 2725 644 2776 Jacobus
672 2723 975 2791 ApostoZuS,
1005 2728 1065 2774 ut
1093 2721 1259 2774 videri
1286 2723 1446 2792 possit
1471 2724 1656 2793 spiritu
1683 2726 1906 2794 quodam
1934 2726 2235 2796 prophetico

408 2823 586 2858 eorum
615 2803 977 2856 refutationem
1007 2803 1130 2856 data
1164 2822 1323 2873 opera
1351 2805 1647 2875 suscepisse.

521 2887 779 2939 XXVIII.
837 2887 1002 2954 Leyis
1030 2888 1234 2947 veteriS,
1267 2903 1382 2955 quae
1411 2894 1464 2939 et
1491 2889 1747 2940 Mosaica
1777 2887 1876 2940 dici
1905 2887 2050 2950 solet,
2080 2888 2235 2941 notis-

407 2968 534 3022 sima
586 2974 665 3021 est
716 2967 805 3020 illa
850 2966 1157 3029 distributio,
1212 2985 1315 3037 qua
1358 2968 1413 3019 in
1469 2975 1576 3020 tres
1632 2977 1809 3038 partes
1865 2969 2232 3041 distinguitur;

407 3052 678 3104 Moralem
712 3049 916 3113 scilicet,
956 3051 1400 3112 Ceremoniarum,
1432 3057 1485 3102 et
1506 3052 1870 3105 Judiciorum.
1940 3052 2023 3104 De
2053 3052 2234 3122 quibus

494 3243 567 3288 27.
621 3241 732 3286 This
748 3241 982 3286 Revealed
1003 3242 1114 3285 Law
1135 3242 1327 3286 consists
1348 3242 1403 3286 of
1413 3246 1503 3286 two
1518 3246 1675 3299 parts3
1705 3241 1787 3285 the
1801 3241 1913 3283 Law
1932 3253 2117 3298 proper,
2141 3240 2234 3283 and

403 3313 485 3357 the
508 3313 706 3371 Gospel:
741 3314 958 3370 meaning
981 3313 1045 3371 by
1074 3313 1155 3357 the
1186 3313 1297 3356 Law
1320 3313 1414 3357 and
1434 3314 1516 3357 the
1542 3312 1730 3371 Gospel,
1750 3317 1835 3355 not
1864 3311 1946 3355 the
1971 3317 2061 3355 two
2090 3312 2234 3354 Cove-

403 3389 554 3436 nants,
574 3383 649 3439 (of
670 3385 837 3428 Works
868 3385 962 3427 and
986 3386 1041 3428 of
1063 3383 1249 3439 Grace,)
1275 3385 1360 3428 but
1392 3383 1474 3428 the
1508 3390 1598 3429 two
1625 3384 1893 3428 collections
1920 3383 1973 3427 of
2002 3383 2230 3439 writings:

402 3454 484 3498 the
511 3455 602 3498 Old
623 3456 717 3498 and
736 3455 817 3499 the
838 3456 886 3499 N
887 3470 955 3499 ew
976 3457 1099 3508 Law,
1119 3471 1169 3500 as
1189 3455 1271 3499 the
1295 3456 1473 3500 fathers
1494 3456 1652 3514 speak.

492 3525 591 3568 The
611 3526 934 3571 Antinomians
961 3528 1055 3571 and
1080 3528 1237 3572 others
1264 3527 1318 3571 of
1340 3542 1425 3571 our
1445 3529 1561 3571 time
1583 3525 1728 3584 speak
1748 3523 2093 3581 disparagingly
2116 3521 2232 3565 both

402 3595 455 3637 of
480 3595 561 3639 the
586 3598 695 3639 Law
721 3598 775 3641 of
799 3599 968 3650 Moses,
1000 3599 1093 3642 and
1118 3599 1172 3642 of
1192 3598 1273 3642 the
1303 3599 1457 3642 Moral
1486 3599 1596 3641 Law
1623 3597 1676 3640 of
1698 3595 1867 3647 Christ,
1899 3607 1949 3637 as
1980 3593 2231 3650 compared

400 3665 511 3709 with
530 3666 610 3710 the
625 3668 736 3710 Law
749 3669 803 3711 of
817 3668 970 3719 Faith,
993 3670 1086 3712 and
1106 3670 1187 3713 the
1209 3670 1405 3713 dict-ates
1428 3669 1482 3713 of
1498 3668 1579 3711 the
1595 3667 1762 3724 Spirit:
1790 3665 1876 3708 but
1892 3678 1970 3708 see
1989 3665 2043 3707 St
2058 3665 2088 3707 J
2090 3677 2229 3706 ames.

491 3739 562 3778 28.
627 3737 727 3781 The
755 3738 845 3781 Old
874 3740 984 3782 Law
1010 3740 1113 3796 (the
1144 3741 1320 3789 Mosaic
1350 3739 1483 3794 Law)
1514 3752 1622 3796 may
1646 3737 1706 3781 be
1732 3735 1919 3779 divided
1937 3736 2037 3779 into
2063 3734 2229 3786 Moral,
