2482 4166
376 258 488 310 156v
631 267 718 311 DE
758 267 986 313 LEGUM
1025 267 1447 314 HUMANARUM
1472 268 1936 337 OBLIGATIONE.

363 401 487 468 ficii
516 397 851 452 admonuisse.
933 403 1141 466 Quarto
1164 399 1399 471 denique,
1433 395 1737 453 concludere
1764 401 1847 454 hic
1875 400 2037 456 voluit
2061 400 2200 473 Apo·
2222 405 2253 446 4

374 482 549 545 stoluS‚
573 481 721 535 brevi
749 482 1055 553 repetitione
1078 500 1254 535 earum
1282 482 1539 535 rationum
1568 500 1694 552 quas
1715 482 1825 553 jam
1854 491 1976 537 ante
2003 485 2201 538 addux-

375 571 504 628 erat,
532 582 677 617 suam
706 564 771 617 de
806 566 1132 618 Christianae
1159 565 1474 632 subjectione
1512 564 1957 619 dissertationem:
2001 566 2199 619 addux-

375 653 489 700 erat
516 654 688 700 autem
716 647 913 700 duobus
947 646 1124 717 primis
1148 646 1382 699 versibus
1409 646 1561 717 hujus
1590 646 1770 717 capitis
1797 648 2066 713 rationem,
2097 667 2201 702 non

377 748 410 783 a
440 731 716 795 beneficiis,
748 729 839 783 sed
867 730 933 781 ab
963 731 1123 799 officii
1151 730 1477 782 conscientia
1506 729 1847 800 desumptam.

499 813 700 866 XXVI.
779 810 1022 881 Sequitur
1052 813 1222 864 Ratio
1249 813 1520 873 secundem
1550 812 1617 864 ab
1646 830 1742 865 usu
1766 820 1820 866 et
1846 812 1948 866 fine
1975 816 2196 883 Leyum.

378 896 520 959 Quas
554 894 718 957 condi,
760 893 1091 963 conditasque
1135 894 1412 956 observari,
1452 894 1519 946 ad
1559 893 1826 949 societates
1863 896 2113 949 humanas
2146 896 2200 948 in

373 994 499 1048 pace
549 983 602 1030 et
647 976 850 1046 publica
905 974 1278 1046 tranquillitate
1321 977 1711 1041 conservandaS,
1764 978 2201 1049 pernecessarium

373 1066 485 1112 est:
521 1058 646 1111 alias
675 1058 816 1110 nulla
852 1064 986 1110 esset
1014 1065 1155 1111 certa
1192 1064 1544 1112 contractuum
1583 1062 1789 1131 reyula,
1828 1061 1969 1114 nulla
1996 1060 2116 1113 fidei
2147 1067 2202 1113 et

366 1140 581 1211 justitiae
610 1139 768 1193 civilis
796 1158 1060 1202 mensura,
1097 1157 1213 1209 quae
1242 1147 1361 1194 sunt
1396 1140 1660 1194 civitatum
1695 1149 1749 1195 et
1781 1143 2081 1196 societatum
2115 1142 2202 1194 fir-

372 1221 596 1275 missima
624 1221 840 1275 vincula.
902 1224 1019 1275 Lea:
1048 1221 1183 1274 enim
1212 1224 1330 1284 Dei,
1365 1229 1418 1275 et
1444 1226 1720 1277 naturalis
1747 1231 1801 1278 et
1829 1226 2053 1294 scripta,
2084 1224 2204 1278 licet

372 1305 439 1359 sit
467 1305 521 1357 in
549 1323 640 1357 suo
669 1322 860 1376 genere
887 1310 1108 1374 utraque
1136 1304 1220 1357 vel
1249 1304 1460 1357 seorsim
1488 1299 1929 1376 dperfectissima,
1958 1306 2203 1377 complec-

372 1394 615 1457 taturque
644 1386 912 1457 conjuncta
940 1393 1049 1439 tum
1079 1405 1194 1456 quae
1223 1393 1342 1439 sunt
1359 1389 1496 1455 fidei
1523 1391 1960 1459 supernaturalis
1983 1388 2201 1462 singula,

373 1478 483 1523 tum
529 1469 684 1523 etiam
725 1488 904 1523 rerum
947 1472 1281 1538 ayendarum
1318 1469 1570 1541 principia
1614 1473 1878 1543 generalia
1917 1472 1987 1525 ad
2029 1489 2204 1525 omnes

372 1552 493 1605 vitae
521 1559 696 1622 partes
723 1552 978 1624 regendas
1004 1552 1358 1604 accommoda:
1401 1554 1605 1606 Neutra
1638 1560 1811 1608 tamen
1848 1555 1916 1608 ad
1945 1554 2114 1608 omnia
2142 1572 2205 1607 ea

363 1636 746 1705 particularia
774 1633 1051 1696 descendit,
1080 1652 1195 1703 quae
1223 1634 1291 1687 ad
1320 1636 1720 1689 conservandam
1748 1637 1802 1689 in
1830 1637 2123 1691 civitatibus
2151 1643 2205 1690 et

372 1716 562 1788 politiis
596 1735 792 1787 pacem
837 1723 889 1770 et
932 1718 1173 1769 ordinem
1207 1724 1419 1786 possunt
1458 1735 1584 1781 esse,
1624 1725 1678 1772 et
1722 1719 2025 1790 plerumque
2064 1727 2200 1782 sunt,

371 1800 672 1853 necessaria.
757 1798 996 1869 Exempli
1024 1798 1209 1871 gratia.
1296 1801 1414 1853 Leoe
1446 1803 1696 1864 rationiS,
1734 1820 1849 1872 quae
1883 1809 2085 1855 naturae
2117 1801 2202 1854 lex

371 1890 464 1944 est,
505 1882 681 1944 dictat,
725 1887 778 1934 et
822 1883 1114 1951 Scriptura
1152 1880 1306 1934 etiam
1345 1882 1496 1952 hujus
1534 1883 1715 1954 capitis
1756 1904 1912 1938 versu
1946 1886 2202 1954 proximo

371 1965 534 2027 docet,
581 1963 650 2016 ad
688 1964 900 2016 alendos
941 1962 1214 2033 principeS,
1268 1964 1336 2016 ad
1377 1965 1629 2018 bellorum
1671 1974 1919 2038 sumptus„
1959 1967 2028 2020 ad
2074 1966 2202 2019 alios

368 2064 489 2099 usus
532 2045 776 2116 publicOS‚
834 2048 1070 2098 Tributa
1118 2064 1224 2099 esse
1251 2047 1560 2116 pendenda.
1651 2049 1756 2102 Sed
1797 2050 1896 2102 nisi
1936 2049 2053 2121 lege
2094 2047 2202 2101 lata

369 2128 644 2181 definiatur
673 2139 935 2199 quantum
964 2127 1029 2181 sit
1058 2127 1372 2192 solvendum,
1410 2136 1463 2182 et
1492 2141 1657 2200 quota
1677 2134 2041 2202 proportione,
2080 2137 2134 2183 et
2163 2150 2200 2183 a

369 2213 576 2281 quibua
621 2218 673 2263 et
708 2230 811 2278 quo
856 2212 1108 2282 temporis
1141 2213 1337 2280 spatio,
1383 2218 1436 2265 et
1468 2211 1523 2264 id
1565 2230 1729 2284 genus
1767 2213 1901 2267 alia:
1941 2219 2033 2266 aut
2072 2212 2201 2266 nihil

368 2292 570 2345 omnino
600 2293 873 2363 pendetur,
903 2302 994 2346 aut
1022 2310 1125 2345 non
1153 2292 1458 2363 tempestive
1483 2294 1621 2357 satis,
1659 2302 1750 2348 aut
1778 2296 1916 2365 quod
1943 2313 2047 2349 non
2075 2294 2200 2347 satis

368 2374 434 2428 sit
454 2375 522 2428 ad
549 2393 670 2427 usus
698 2375 1032 2445 Reipublicae.
1121 2374 1178 2427 Si
1206 2375 1359 2437 dicaS‚
1398 2375 1495 2428 hoc
1523 2384 1827 2448 argumento
1854 2377 2064 2448 probari
2088 2376 2199 2446 qui-

366 2457 484 2509 dem
526 2459 733 2526 Leyum
766 2460 1141 2518 necessitatem,
1185 2463 1243 2509 at
1283 2475 1387 2509 non
1419 2457 1544 2510 item
1584 2459 1741 2512 statui
1784 2462 2160 2530 obliyationem
2179 2478 2198 2511 .·

366 2556 514 2607 posse
544 2539 678 2590 enim
707 2539 868 2608 poenis
896 2537 1171 2608 propositis
1206 2538 1347 2610 adigi
1375 2539 1606 2593 subditos
1633 2542 1701 2594 ad
1731 2542 1978 2596 officium:
2009 2544 2198 2595 Faten-

367 2619 489 2670 dum
515 2618 569 2670 id
607 2620 813 2688 quidem
851 2626 1001 2684 esset,
1033 2619 1076 2671 si
1103 2619 1186 2671 hic
1211 2626 1439 2672 staretur
1471 2622 1561 2674 sed
1590 2622 1633 2675 si
1661 2623 1788 2677 illud
1821 2624 2032 2694 insuper
2060 2622 2198 2695 cogi-

366 2706 523 2762 tetur,
552 2700 673 2752 dum
698 2718 928 2771 praeceps
955 2700 1122 2753 fertur
1151 2702 1260 2752 ead
1287 2704 1508 2754 vetitum
1534 2706 1704 2773 nefas,
1736 2723 1891 2776 quam
1919 2706 1985 2759 sit

1010 2797 1182 2842 Audaoe
1217 2799 1369 2842 omnia
1391 2802 1566 2858 perpeti

1088 2869 1206 2913 Gens
1236 2871 1449 2922 humana,

366 2969 620 3023 quamque
650 2951 797 3006 officii
829 2953 1062 3021 infidelis
1091 2962 1263 3005 custos
1296 2954 1370 3005 sit
1402 2963 1586 3016 metue,
1618 2954 1673 3006 ni
1697 2955 1833 3010 adsit
1862 2955 2017 3010 etiam
2046 2960 2195 3012 Reli-

413 3128 432 3155 ἃ
459 3130 580 3178 [conf.
620 3143 740 3181 supra
780 3133 900 3170 Prael.
934 3145 984 3172 11.
1025 3135 1129 3173 Sect.
1165 3137 1235 3184 123
1364 3144 1381 3164 e
1412 3138 1554 3176 Horat.
1577 3138 1710 3176 Carm.
1729 3138 1818 3176 Lib.
1838 3139 1874 3179 I.
1893 3138 1963 3189 [iii.
1981 3139 2111 3187 v.25.]

364 3191 467 3229 infra
492 3193 608 3230 Prael.
630 3205 692 3231 lx,
724 3194 827 3232 Sect.
858 3195 919 3244 6.]

450 3325 522 3366 26.
588 3322 758 3367 Second
774 3322 1038 3383 Aryument.
1102 3327 1244 3371 From
1264 3326 1346 3372 the
1367 3342 1449 3373 use
1470 3329 1564 3373 and
1585 3329 1677 3373 end
1696 3329 1750 3374 of
1769 3330 1916 3382 Laws,
1935 3329 2086 3374 which
2113 3342 2194 3373 are

363 3396 411 3435 to
432 3393 491 3437 be
516 3395 652 3438 made
678 3396 772 3438 and
793 3396 1016 3441 observed
1046 3398 1095 3441 in
1126 3398 1265 3443 order
1290 3404 1340 3443 to
1361 3399 1481 3457 keep
1507 3401 1718 3445 societies
1750 3400 1805 3444 of
1829 3414 1939 3444 men
1968 3401 2018 3443 in
2047 3413 2194 3457 peace

363 3463 456 3506 and
476 3465 612 3508 order
624 3481 637 3517 3
677 3466 770 3509 and
800 3467 995 3512 without
1018 3469 1169 3513 which
1189 3470 1323 3514 there
1348 3471 1487 3514 could
1507 3471 1567 3515 be
1587 3485 1648 3515 no
1669 3471 1793 3515 rules
1815 3471 1869 3514 of
1886 3475 2118 3514 contracts
2139 3483 2194 3513 or

362 3547 594 3578 measurcs
626 3536 680 3579 of
702 3537 822 3580 saith
852 3539 946 3582 and
970 3540 1155 3596 justice,
1183 3541 1276 3584 and
1307 3555 1372 3594 so,
1404 3555 1466 3586 no
1488 3542 1678 3599 society.
1744 3540 1844 3584 The
1864 3541 1975 3583 Law
1996 3541 2050 3584 of
2072 3540 2197 3592 God,

363 3603 540 3661 though
560 3607 741 3662 perfect
764 3608 839 3651 for
867 3610 927 3653 its
959 3624 1060 3654 own
1081 3625 1319 3669 purposes,
1344 3613 1455 3657 does
1486 3617 1570 3657 not
1600 3612 1801 3656 descend
1826 3615 1875 3655 to
1896 3611 2187 3668 particulare.

363 3673 456 3715 For
475 3675 696 3729 instance,
721 3678 837 3722 both
861 3679 942 3723 the
967 3681 1056 3724 law
1086 3682 1141 3725 of
1159 3684 1345 3727 Reason
1366 3684 1459 3726 and
1482 3683 1720 3740 Scripture
1744 3682 1794 3724 in
1814 3681 1906 3726 this
1926 3696 2037 3740 very
2056 3682 2191 3740 place

365 3743 427 3798 (v.
454 3741 501 3796 6)
535 3745 681 3791 direct
701 3762 754 3793 us
774 3753 824 3794 to
845 3763 936 3808 pay
955 3752 1131 3797 tribute
1152 3757 1201 3797 to
1223 3752 1304 3798 the
1327 3754 1602 3810 Sovereign:
1639 3753 1724 3798 but
1743 3753 1790 3796 in
1815 3753 1953 3798 order
1972 3753 2076 3797 that
2095 3752 2190 3796 this
