2482 4166
724 269 1108 314 PRAELEOTIO
1152 270 1467 316 SECUNDA.
1945 267 2014 320 49

180 401 313 453 bona
349 398 450 450 fide
484 403 606 450 ante
643 399 952 461 intenderis,
999 416 1090 451 seu
1131 416 1268 451 nunc
1308 398 1514 452 demum
1557 400 1864 453 excusandae
1906 400 2015 455 ino-

179 480 455 534 bedientiae
502 486 606 532 tuae
653 482 921 542 obtendas,
970 480 1185 550 perinde
1232 487 1311 534 est
1349 480 1418 534 ad
1469 480 1700 550 obsequii
1744 482 2014 537 rationem.

179 565 295 615 Mos
339 569 453 615 erat
494 562 753 634 gerendus
781 565 1131 632 praecipienti
1159 562 1398 626 Domin0,
1446 570 1500 617 et
1539 563 1679 633 quod
1707 565 1801 616 abs
1832 564 1919 617 illo
1962 565 2015 617 in

179 644 434 698 mandatis
473 663 746 715 acceperas
785 652 1024 716 prompte
1060 652 1113 698 et
1149 645 1259 698 sine
1311 646 1680 717 disceptatione
1727 646 2016 718 adimplen-

180 728 317 781 dum.
398 727 502 781 Sed
540 727 674 779 enim
718 734 977 796 utcunque
1011 746 1066 780 se
1112 728 1306 782 habeat
1343 747 1429 781 res
1467 730 1721 792 Saulina,
1766 729 1894 782 illud
1941 729 2019 782 in-

180 810 330 864 terim
374 817 572 863 certum
615 816 709 873 est,
766 812 966 864 Uezam
1009 810 1173 881 (cujus
1219 811 1453 874 historia,
1511 814 1544 864 2
1588 813 1736 865 Sam.
1783 812 1852 875 vi,
1897 831 2016 883 per-

181 893 374 963 scripta
417 892 629 965 legitur)
673 911 776 945 non
814 892 1066 956 simulate,
1112 893 1203 946 sed
1246 896 1383 947 bona
1400 897 1514 963 fide
1543 901 1596 947 et
1624 894 1712 965 pia
1739 896 2019 949 admodum

181 978 467 1029 intentione
523 993 667 1028 sacro
710 975 819 1029 vasi
861 994 1068 1028 manum
1126 977 1447 1040 admovisse3
1507 996 1573 1030 ne
1623 977 1814 1031 scilicet
1865 996 2018 1032 excu-

181 1065 380 1111 teretur
409 1058 462 1110 in
491 1066 686 1114 terram
716 1059 866 1112 Arca
888 1061 1137 1128 foederis,
1171 1060 1330 1129 (quod
1360 1067 1474 1113 erat
1511 1067 1633 1113 tunc
1675 1062 1923 1132 temporis
1967 1069 2021 1116 et

183 1142 276 1194 sub
321 1141 598 1194 oeconomia
647 1141 838 1195 veteris
885 1143 1203 1195 Testamenti
1246 1143 1572 1196 tremendum
1623 1146 1824 1197 divinoe
1869 1165 2018 1215 prae-

183 1227 365 1277 sentite
398 1224 709 1296 symbolum)
750 1243 878 1286 cum,
919 1243 1152 1277 succusso
1190 1226 1544 1279 vehementius
1579 1245 1681 1297 quo
1728 1227 2018 1281 vehebatur

183 1306 431 1377 plaustrO,
461 1306 602 1360 velut
630 1326 749 1359 mox
779 1307 982 1360 ruitura
1009 1314 1233 1361 nutaret.
1306 1308 1550 1362 Levicula
1579 1310 1675 1362 hac
1705 1310 1784 1377 (ut
1812 1310 2019 1380 quibus-

184 1390 304 1441 dam
334 1389 463 1459 visa)
508 1390 598 1443 sed
626 1389 922 1461 importuna
950 1390 1259 1453 temeritate,
1302 1391 1398 1444 etsi
1433 1392 1574 1444 nulla
1601 1392 1835 1445 subesset
1864 1395 2019 1446 mala

183 1491 342 1533 mens,
388 1472 688 1525 commeruit
731 1480 919 1535 tamen,
965 1480 1024 1526 ut
1066 1491 1255 1544 magna
1305 1480 1571 1543 spectante
1609 1474 1786 1544 populi
1829 1493 2018 1528 corona

182 1553 420 1606 immissae
449 1553 694 1607 divinitus
722 1555 902 1607 mortis
930 1555 1174 1625 praesenti
1202 1555 1449 1625 supplicio
1477 1557 1785 1610 afficeretur.
1855 1557 2017 1609 Edix-

182 1643 296 1688 erat
323 1635 561 1687 nimirum
584 1636 785 1706 jamdiu
814 1637 1064 1689 Dominus
1093 1639 1128 1690 J
1133 1638 1298 1690 ehova
1325 1634 1557 1691 ¹‘Aredm
1586 1640 1821 1693 humeris
1850 1658 2018 1693 sacer-

182 1718 359 1771 dotum
387 1719 691 1790 gestandam
722 1736 846 1781 esse,
875 1738 979 1771 non
998 1721 1254 1790 plaustro
1286 1720 1670 1792 imponendam3
1702 1741 1797 1775 nec
1823 1723 1914 1776 ulli
1938 1723 2017 1776 fas

182 1818 293 1853 esse
335 1808 486 1853 extra
519 1804 760 1855 ordinem
788 1805 1191 1865 sacerdotalem,
1222 1803 1378 1874 idque
1407 1804 1576 1876 gentis
1602 1812 1801 1859 tantum
1831 1808 2018 1859 Kolta-

185 1885 464 1947 thitarum,
507 1885 657 1937 Arcae
701 1885 1037 1955 deportandae
1068 1904 1277 1957 operam
1309 1887 1450 1950 dare,
1490 1896 1582 1940 aut
1616 1891 1762 1942 urem
1799 1908 2019 1942 sacram

181 1965 478 2038 attingere3
536 1967 622 2036 qui
671 1985 816 2020 secus
871 1968 1017 2030 faxit,
1082 1969 1218 2022 mala
1274 1978 1442 2023 morte
1495 1970 1800 2040 periturum.
1899 1973 2016 2025 Hac

183 2048 343 2120 igitur
370 2049 424 2101 in
450 2049 672 2120 primum
700 2049 810 2120 ejus
843 2050 973 2122 legis
1009 2052 1310 2104 violatorem
1350 2071 1533 2105 severa
1572 2053 2017 2108 animadversione

186 2131 347 2185 voluit
390 2133 534 2185 Deus
571 2134 705 2202 Leyi
748 2153 858 2186 suoe
894 2133 1241 2186 reverentiam
1279 2134 1564 2198 conciliare,
1597 2135 1807 2207 ejusque
1838 2148 2018 2191 aucto-

185 2216 405 2267 ritatem
448 2233 785 2277 conservare3
830 2234 895 2267 ne
942 2215 1055 2285 quis
1088 2234 1233 2277 ausu¹
1258 2217 1534 2270 temerario
1578 2226 1758 2273 contra
1794 2219 1849 2273 id
1877 2221 2017 2292 quod

186 2296 295 2366 ipse
324 2296 612 2350 sanciverat
640 2315 799 2369 agere
827 2297 1021 2367 aliquid
1057 2298 1357 2371 aggredive,
1396 2318 1700 2371 quocunque
1738 2310 2014 2373 praetextU,

186 2386 539 2448 praesumeret.
625 2382 893 2434 Accensae
936 2383 1075 2434 enim
1125 2384 1216 2434 ira
1249 2385 1522 2452 percussit
1577 2404 1696 2438 eum
1742 2388 1823 2439 ibi
1866 2389 2017 2441 Deus

181 2472 405 2531 propter
441 2464 752 2532 imprudens
791 2465 887 2516 hoe
909 2466 1147 2533 factum,
1192 2467 1278 2518 ita
1315 2476 1375 2518 ut
1403 2478 1697 2521 moreretur
1734 2470 1815 2521 ibi
1844 2488 2018 2540 prope

188 2561 379 2597 arcam
406 2547 531 2608 Dei,
574 2547 607 2597 2
640 2547 787 2599 Sam.
816 2546 881 2598 vi.
916 2545 965 2602 7.

312 2627 462 2681 XIV.
550 2629 939 2698 Aryumentum
967 2632 1233 2694 ultimum,
1275 2632 1341 2684 ab
1385 2630 1716 2687 incommodis
1744 2633 2017 2688 contrariae

187 2709 469 2763 sententiae.
557 2711 727 2764 Multa
777 2719 896 2765 sunt
923 2712 1041 2766 illa:
1081 2714 1172 2766 sed
1216 2732 1313 2786 ego
1349 2733 1415 2767 ne
1450 2716 1641 2769 multus
1669 2717 1780 2780 sim,
1811 2717 2017 2771 unicum

185 2791 312 2845 illud
341 2793 553 2865 urgebo,
585 2794 724 2864 quod
751 2793 914 2848 instar
942 2795 1219 2849 multorum
1248 2804 1341 2861 est,
1374 2804 1427 2851 et
1452 2799 1518 2852 ab
1548 2800 1852 2870 Auyustino
1880 2818 2019 2872 saepe

186 2881 418 2946 urgetur.
503 2877 720 2947 Nempe,
765 2877 940 2930 refixis
984 2880 1192 2949 Leyum
1230 2881 1509 2952 repaguliS,
1554 2883 1725 2936 omnia
1768 2883 2016 2946 diffluere,

188 2963 242 3009 et
282 2956 336 3009 in
370 2957 623 3012 incertum
664 2959 827 3013 ferri:
868 2960 1011 3014 velut
1051 2962 1218 3033 ruptis
1259 2963 1486 3016 obicibus
1527 2965 1681 3017 undae
1725 2965 1896 3028 maris,
1932 2966 2021 3019 ubi

189 3039 345 3091 semel
373 3040 512 3111 ripas
541 3042 868 3106 excesserint,
898 3062 1002 3096 non
1032 3063 1086 3097 se
1115 3045 1383 3115 patiuntur
1423 3047 1577 3100 certis
1615 3047 1860 3101 limitibus
1901 3066 2019 3099 con-

188 3120 358 3185 tineri,
403 3123 493 3191 sed
521 3141 615 3193 per
641 3125 811 3177 omnia
836 3125 1005 3180 vicina
1032 3127 1144 3179 loca
1162 3127 1318 3200 longe
1346 3128 1553 3199 lateque
1581 3138 1855 3202 vagantur.
1910 3132 2019 3195 Qui

191 3204 348 3255 semel
393 3205 589 3258 limites
632 3209 902 3260 modestice
960 3212 1303 3273 transilierit,
1357 3214 1608 3280 yndviter
1651 3214 1791 3266 huno
1843 3215 2018 3282 impu-

436 3387 449 3413 t
472 3386 636 3424 Numer.
654 3388 719 3425 vii.
736 3389 773 3427 9.
1415 3402 1433 3421 ¹¹
1458 3395 1622 3433 Numer.
1640 3396 1692 3434 iv.
1712 3397 1772 3434 15.

280 3511 350 3550 14.
416 3505 545 3551 Sioeth
565 3507 658 3550 and
682 3508 773 3551 last
797 3507 1069 3566 Argument.

283 3577 333 3620 If
365 3592 432 3622 we
468 3579 528 3622 do
562 3583 647 3623 not
682 3580 1010 3639 acknowledge
1040 3582 1123 3626 the
1156 3583 1410 3642 obligation
1444 3584 1499 3629 of
1525 3586 1672 3640 Laws,
1711 3601 1851 3648 every
1885 3591 2020 3651 thing

191 3647 405 3693 becomes
428 3650 556 3694 loose
580 3651 674 3694 and
705 3652 957 3698 unsettled.
1016 3653 1275 3712 Augustino
1306 3670 1410 3714 says
1434 3656 1539 3701 that
1559 3657 1692 3702 there
1723 3659 1762 3703 is
1794 3675 1855 3706 no
1877 3664 2021 3709 crime

191 3719 341 3763 which
364 3735 470 3779 may
495 3726 579 3765 not
610 3723 670 3767 be
706 3724 991 3777 committed,
1014 3725 1056 3768 if
1077 3740 1144 3770 we
1165 3740 1281 3772 once
1314 3728 1454 3785 begin
1481 3733 1531 3773 to
1557 3730 1770 3775 consider
1793 3739 1877 3778 not
1897 3735 2022 3780 what

191 3789 229 3833 is
255 3790 389 3844 done,
412 3792 499 3836 but
517 3793 635 3852 why.
695 3794 745 3838 If
763 3809 824 3839 an
845 3796 935 3841 evil
960 3801 1037 3841 act
1056 3811 1163 3857 may
1182 3798 1242 3844 be
1264 3800 1535 3844 committed
1556 3805 1604 3845 to
1626 3802 1761 3846 avoid
1787 3819 1816 3849 a
1839 3812 2025 3864 greater

361 3897 565 3974 [mn]
1735 3874 1771 3924 4
