2482 4166
381 267 485 315 202
723 276 809 318 DE
850 277 1077 322 LEGUM
1118 278 1538 326 HUMANARUM
1577 281 1879 327 MATERIA.

380 406 549 474 Leyes
567 407 846 474 plurimas
874 406 1084 471 tulerit3
1112 415 1253 462 recte
1289 409 1571 482 colligimus
1600 411 1820 465 voluisse
1853 413 2022 465 Deum
2052 419 2213 484 popu-

379 486 487 538 lum
508 490 823 551 Judaioum,
848 490 942 542 sub
970 489 1058 542 illa
1078 492 1385 563 paedagogia
1414 500 1468 545 et
1488 493 1753 563 disciplina
1773 497 2041 557 Mosaica,
2067 496 2213 565 quasi

380 569 602 638 quodam
645 571 906 624 servitutis
934 571 1079 643 jug0,
1119 572 1191 625 sic
1230 574 1283 625 in
1319 573 1478 626 officio
1518 575 1781 638 contineri,
1817 583 1876 629 ut
1910 576 2213 647 paucissima

379 658 550 705 essent
577 652 675 705 illis
706 654 879 706 libera
897 674 913 705 :
942 655 1026 706 Ita
1055 672 1119 706 ex
1141 672 1201 706 eo
1225 655 1362 724 quod
1392 658 1650 718 Christus,
1681 664 1913 727 paternae
1936 659 2212 711 voluntatis

379 732 700 787 fidelissimus
733 735 1007 805 interpreS‚
1053 736 1295 788 Ecclesiae
1334 736 1640 790 Christianae
1662 742 2035 807 paucissimas
2079 742 2212 810 leyes

379 815 557 869 tulerit
587 818 1031 878 Ceremoniarum,
1062 824 1203 870 recte
1233 817 1515 889 colligimus
1549 820 1718 871 Deum
1743 820 1978 883 voluisse,
2008 829 2068 874 ut
2096 824 2210 874 Ma-

379 897 627 969 gistratus
653 905 706 951 et
733 900 972 967 populus
1002 901 1351 952 Christianus
1386 899 1441 951 in
1469 899 1753 954 istiusmodi
1780 902 1936 954 rebus
1973 904 2212 956 libertati

379 998 486 1032 suae
512 980 917 1050 permitteretur.
992 980 1077 1032 Ita
1110 987 1170 1033 ut
1196 980 1308 1051 jam
1340 981 1560 1034 liberum
1596 982 1663 1036 sit
1692 990 1745 1035 et
1768 986 1995 1053 privato
2024 987 2212 1054 cuique

378 1063 584 1114 homini
625 1068 807 1131 sponte
850 1079 942 1114 sua
981 1062 1140 1129 (nullo
1184 1062 1561 1117 interveniente
1603 1068 1899 1135 superioris
1924 1069 2212 1136 potestatis

377 1142 593 1213 imperio
616 1143 698 1196 vel
726 1142 1040 1212 interdicto‚)
1060 1144 1198 1213 quod
1216 1145 1313 1197 sibi
1343 1146 1619 1200 consultius
1642 1147 1807 1200 visum
1825 1148 1983 1201 fuerit
2010 1149 2210 1201 facere:

378 1232 432 1278 et
459 1227 690 1293 sinyulis
722 1226 986 1278 Ecclesiis
1014 1244 1294 1296 earumque
1333 1228 1764 1299 gubernatoribus
1791 1248 1853 1283 ea
1877 1230 2213 1300 praescribere

378 1314 432 1359 et
482 1306 693 1372 sancire,
744 1324 858 1375 quae
896 1306 992 1359 sibi
1041 1326 1137 1377 pro
1184 1315 1476 1379 temporum
1530 1317 1584 1365 et
1633 1311 1860 1364 locorum
1906 1312 2210 1374 conditione,

378 1391 576 1452 ordini,
628 1391 909 1452 honestati,
964 1392 1315 1458 aedificationi
1359 1402 1410 1445 et
1444 1395 1584 1463 paci
1635 1393 1856 1447 maxime
1902 1394 2214 1448 inservitura

378 1471 706 1525 videbuntur.
1149 1520 1152 1521 γ

505 1554 737 1606 ΧΧΧΙΙ.
829 1554 967 1617 Quin
989 1561 1041 1607 et
1065 1554 1192 1608 illud
1216 1559 1372 1610 tertio
1395 1556 1647 1628 cogitasse
1669 1556 1972 1621 debuerant,
1999 1557 2087 1628 qui
2115 1559 2212 1612 hoc

378 1642 683 1707 argumento
726 1642 958 1699 utuntur,
993 1638 1076 1689 Ne
1111 1637 1234 1707 ipsis
1269 1638 1476 1707 quidem
1512 1641 1740 1701 Judoeis‚
1780 1640 1873 1691 sub
1913 1639 2002 1693 illa
2042 1643 2212 1695 Mosis

378 1717 699 1789 paedagogia,
731 1717 805 1770 ita
837 1736 1037 1770 omnem
1067 1719 1362 1789 ademptam
1399 1720 1554 1773 fuisse
1582 1723 1790 1773 rituum
1821 1723 2121 1775 libertatem
2156 1723 2211 1774 in

378 1801 534 1852 rebus
563 1800 631 1852 ad
658 1803 769 1853 Dei
798 1802 1000 1854 cultum
1027 1801 1419 1871 pertinentibuS‚
1450 1809 1509 1855 ut
1537 1821 1640 1855 non
1665 1802 1764 1854 illis
1793 1802 1970 1858 liceret
1998 1804 2210 1875 propria

377 1881 684 1934 auctoritate
713 1888 767 1934 et
789 1885 1068 1936 observare
1094 1889 1146 1936 et
1165 1887 1458 1947 instituere,
1486 1902 1601 1955 quae
1622 1884 1802 1941 nullibi
1830 1892 2030 1939 constat
2055 1886 2210 1939 fuisse

377 1963 462 2016 vel
490 1963 556 2015 ab
584 1962 694 2033 ipso
723 1965 853 2025 Deo,
886 1964 970 2016 vel
998 1982 1030 2017 a
1059 1966 1206 2018 Mose
1234 1966 1337 2017 Dei
1364 1965 1597 2020 ministro
1624 1974 1897 2037 praecepta.
1978 1968 2210 2038 Accipite

375 2045 645 2098 instantias
684 2064 713 2098 e
758 2045 932 2098 multis
964 2064 1168 2116 paucas.
1255 2050 1467 2111 Primo,
1508 2050 1802 2103 Paschatis
1840 2049 2209 2104 solennitatem
2235 2065 2257 2105 1

377 2146 443 2180 ex
470 2128 587 2199 lege
615 2127 776 2181 Mosis
803 2130 1048 2198 septiduo
1077 2130 1469 2192 observandam,
1505 2130 1725 2200 Speciali
1752 2131 1869 2202 lege
1897 2135 2015 2186 Reoe
2043 2135 2209 2186 Heze-

332 2210 335 2213 ⁴
377 2212 501 2263 kias
524 2209 633 2279 (qui
661 2217 836 2264 tamen
864 2210 1126 2283 singulare
1155 2211 1363 2282 pietatis
1391 2230 1496 2266 suae
1524 2212 1868 2266 testimonium
1897 2233 1930 2267 a
1955 2215 2069 2267 Deo
2097 2214 2209 2285 ipso

375 2291 607 2362 accipere
629 2293 836 2362 meruit)
867 2311 932 2345 ex
961 2293 1137 2364 populi
1158 2312 1407 2347 consensu
1431 2294 1485 2347 in
1512 2294 1732 2349 alterum
1761 2298 2066 2365 septiduum
2092 2315 2209 2349 con-

374 2373 566 2427 tinuari
600 2374 844 2429 decrevit.
930 2376 1087 2445 Cujus
1121 2375 1201 2429 rei
1235 2376 1451 2431 historia-
1485 2384 1670 2440 exstat,
1717 2379 1751 2430 2
1789 2381 2052 2449 Paralip.
2083 2398 2206 2433 xxx.

376 2458 640 2520 SecundO,
684 2457 872 2510 festum
912 2460 1110 2510 Parim
1147 2458 1202 2510 in
1234 2459 1531 2512 memoriam
1575 2459 1684 2530 ejus
1719 2459 2051 2524 liberationiS,
2093 2479 2207 2530 quae
2230 2479 2260 2519 2

374 2539 679 2590 Judaeorum
714 2540 858 2610 genti
887 2541 981 2593 sub
1012 2541 1288 2593 Persarum
1328 2542 1477 2612 Rege
1518 2543 1749 2596 Assuero
1778 2542 2080 2614 contigerat,
2119 2561 2208 2595 an-

375 2619 571 2670 nuatim
615 2619 863 2673 celebrari
895 2621 1228 2674 instituerunt
1272 2624 1438 2676 Ester
1476 2634 1527 2677 et
1564 2627 1634 2676 M
1635 2626 1945 2688 ardocheu3‚
1983 2627 2105 2678 Est.
2135 2624 2205 2678 ix.

388 2702 588 2762 Terti0,
636 2718 750 2753 cum
796 2703 969 2755 Moses
1012 2702 1147 2755 diem
1185 2705 1415 2756 solennis
1446 2706 1648 2772 jejunii
1689 2706 1953 2760 annuatim
2002 2706 2207 2760 unicum
2228 2724 2258 2766 3

376 2781 643 2844 duntaxat,
676 2784 912 2851 Septi-mo
938 2803 1124 2846 mense,
1156 2784 1535 2838 observandum
1562 2787 1922 2857 praecepisset3
1951 2789 2126 2861 Reges
2154 2796 2209 2842 et

469 2981 539 3020 32.
603 2975 791 3020 Answer
812 2981 853 3020 3.
918 2977 1049 3021 Even
1080 2976 1162 3021 the
1191 2977 1313 3021 Jews
1338 2991 1459 3021 were
1487 2977 1680 3022 allowed
1708 2981 1758 3021 to
1784 2977 1904 3021 alter
1927 2977 2050 3022 their
2075 2979 2207 3024 Rites

372 3049 496 3092 from
535 3047 648 3091 time
680 3052 730 3091 to
762 3049 891 3092 time.
957 3048 1084 3091 Thus
1121 3053 1147 3090 2
1171 3047 1334 3092 Chron.
1366 3063 1487 3101 xxx.,
1524 3049 1651 3106 King
1682 3048 1919 3093 Hezekiah
1953 3050 2090 3094 made
2124 3050 2207 3094 the

374 3120 601 3163 Passover
620 3123 670 3162 to
690 3119 751 3163 be
775 3119 992 3163 fourteen
1014 3119 1141 3176 days,
1166 3119 1349 3163 instead
1370 3119 1423 3163 of
1445 3133 1598 3164 seven.

461 3190 624 3234 Esther
648 3190 726 3242 ix.,
757 3190 858 3233 The
891 3190 1013 3234 feast
1045 3190 1098 3233 of
1123 3190 1286 3233 PurIm
1317 3204 1409 3234 was
1440 3190 1722 3234 established
1745 3191 1796 3233 in
1816 3204 2024 3249 memory
2049 3191 2104 3235 of
2125 3191 2207 3236 the

374 3260 664 3305 deliverance
685 3261 740 3304 of
755 3261 835 3304 the
860 3262 981 3305 Jews
1001 3261 1125 3304 from
1145 3265 1278 3318 great
1303 3261 1492 3318 danger.

463 3333 660 3376 Zachar.
689 3333 782 3375 viii.
809 3337 879 3384 19,
915 3333 1069 3376 Moses
1098 3332 1353 3390 appointed
1386 3333 1495 3390 only
1520 3346 1609 3376 one
1634 3331 1725 3390 day
1750 3332 1804 3375 of
1814 3333 1983 3376 annual
2018 3332 2205 3391 fasting,

371 3401 459 3446 but
478 3410 527 3446 at
552 3403 633 3447 the
653 3403 766 3447 time
789 3403 842 3447 of
858 3403 939 3447 the
963 3403 1083 3447 later
1103 3403 1326 3461 prophets
1347 3403 1456 3447 four
1478 3403 1590 3461 days
1614 3416 1736 3446 were
1757 3403 1996 3447 observed.

466 3478 489 3515 1
512 3474 658 3517 Mace.
685 3475 743 3518 iv.
770 3480 841 3527 59,
873 3475 973 3518 The
997 3475 1117 3519 feast
1138 3475 1192 3518 of
1216 3474 1510 3527 Dedication‚
1534 3472 1815 3518 established
1835 3474 1898 3531 by
1918 3473 2000 3518 the
2019 3474 2205 3518 Macca-

371 3542 495 3595 bees,
516 3559 606 3588 was
626 3545 869 3589 honoured
890 3546 952 3603 by
967 3545 1049 3589 the
1065 3559 1287 3603 presence
1309 3545 1362 3589 of
1381 3545 1549 3597 Christ,
1568 3545 1600 3588 J
1602 3543 1675 3588 oh.
1695 3557 1738 3587 x.
1769 3548 1840 3587 22.

460 3616 627 3658 Matth.
656 3616 717 3659 xi.
743 3621 813 3668 21,
853 3616 1103 3676 Sackcloth
1134 3616 1230 3659 and
1258 3615 1390 3660 ashes
1429 3630 1508 3660 are
1545 3619 1629 3659 not
1660 3614 1877 3671 enjoined
1910 3614 1959 3657 in
1991 3614 2072 3659 the
2111 3615 2204 3658 Old

374 3684 659 3737 Testament,
684 3686 769 3729 but
795 3701 915 3730 were
939 3687 1176 3744 praetised
1199 3687 1263 3744 by
1286 3686 1367 3730 the
1387 3688 1524 3731 Jews.

466 3754 565 3798 Joh.
590 3756 702 3808 xiii.,
731 3756 817 3800 We
842 3757 974 3801 learn
993 3758 1116 3801 from
1135 3757 1217 3802 the
1237 3757 1415 3802 Rabbis
1441 3756 1545 3802 that
1570 3756 1669 3813 just
1692 3754 1855 3801 before
1890 3755 1971 3800 the
1999 3755 2204 3800 celebra-
