2482 4166
840 295 1224 341 PRAELECTIO
1265 290 1527 345 DECIMA.
2003 294 2106 346 309

258 427 463 498 plures,
499 424 581 479 'iis
623 426 688 478 de
730 426 887 478 rebus
928 425 1205 479 statuendi
1232 425 1530 476 arbitrium
1558 433 1607 477 et
1626 429 1949 494 potestatem
1978 433 2100 490 esse,

269 511 335 561 de
377 509 569 578 quibus
614 508 747 577 leqes
789 517 1045 560 accurate
1074 504 1130 576 [i.
1150 524 1194 559 e.
1235 505 1289 558 in
1318 505 1646 577 particulari]
1683 508 1829 577 loqui
1856 528 1961 561 non
1980 529 2108 578 pos-

269 601 411 653 sunt,
433 600 727 661 propterea
745 592 887 659 quod
906 608 1011 642 non
1028 592 1101 643 sit
1113 590 1296 657 facile
1317 591 1560 641 universe
1577 590 1797 658 sinyula
1815 593 2106 659 complecti.

386 674 508 726 XX.
594 671 868 743 Excipient
916 672 1000 724 hic
1044 672 1262 724 fortasse
1307 670 1552 733 nonnulli,
1601 671 1820 742 pessime
1865 672 1953 744 agi
1992 692 2108 726 cum

270 773 462 829 genere
490 756 729 819 humane,
761 754 804 807 si
833 773 898 807 ex
927 757 1090 808 unius
1118 756 1349 807 hominis
1377 752 1593 806 arbitrio
1623 753 1694 806 sic
1720 754 1973 824 penderet
2001 775 2107 808 om-

270 841 421 892 nium
450 840 615 900 salus,
644 845 702 892 ut
730 856 833 890 non
853 837 1032 891 liceret
1060 836 1297 907 cuiquam
1326 835 1380 887 in
1409 854 1529 889 casu
1551 855 1764 889 summae
1792 837 2110 891 necessitatis

271 940 332 974 eo
371 920 654 975 inconsulto
697 939 804 973 suae
838 921 1173 990 publicaeque
1212 920 1385 972 saluti
1427 919 1707 973 consulere.
1798 919 1937 982 Quid
1973 921 2015 972 si
2044 939 2110 973 ex

273 1021 394 1057 casu
436 1003 604 1056 subito
637 1009 689 1056 et
725 1002 931 1073 inopino
969 1020 1054 1054 res
1088 1019 1191 1054 non
1235 1001 1464 1072 patiatur
1506 1004 1669 1055 unius
1712 1004 1824 1056 diei
1867 1022 2062 1056 moram
2082 1004 2112 1056 ⁶?

271 1087 543 1154 Princeps
570 1084 771 1138 interea
799 1084 995 1155 aliquot
1024 1084 1223 1137 dierum
1242 1084 1426 1137 itinere
1457 1085 1732 1138 abfuerit?
1818 1087 1959 1138 Dum
1988 1086 2110 1149 itur,

271 1169 568 1231 consulitur,
597 1167 814 1231 reditur,
843 1175 1014 1221 actum
1050 1166 1149 1221 erit
1183 1167 1249 1220 de
1280 1169 1598 1238 Republica,
1641 1168 1683 1220 si
1722 1186 1928 1221 necesse
1963 1169 2030 1222 sit
2057 1169 2112 1222 in

271 1253 431 1305 tantis
459 1259 750 1322 temporum
788 1250 1053 1323 angustiiS,
1096 1258 1149 1304 et
1186 1250 1415 1304 locorum
1449 1251 1644 1322 spatiiS,
1680 1253 1961 1321 Principis
1991 1271 2111 1305 con-

272 1354 480 1389 sensum
509 1342 561 1388 et
597 1334 799 1388 veniam
834 1333 1114 1404 expectari.
1200 1334 1526 1404 RespondeO,
1573 1334 1739 1387 videri
1786 1341 1839 1387 et
1875 1336 2112 1388 subditis

272 1418 466 1488 aliquid
493 1417 547 1470 in
575 1418 673 1470 hoc
701 1435 894 1490 genere
922 1416 1091 1479 licere,
1131 1415 1173 1469 si
1208 1416 1383 1489 gravis
1421 1435 1515 1469 nec
1549 1416 1700 1469 aliter
1731 1417 1972 1471 evitanda
1997 1435 2114 1487 pos-

272 1501 405 1554 tulet
433 1503 736 1564 necessitas,
774 1500 929 1570 idque
971 1499 1253 1552 inconsulto
1283 1502 1565 1569 Principe,
1599 1501 1930 1568 (Necessitas
1959 1499 2111 1561 enim,

272 1584 411 1655 quod
458 1583 557 1636 dici
603 1584 748 1646 solet,
789 1585 1016 1652 aLegyem
1061 1601 1167 1635 non
1215 1584 1374 1636 habet
1394 1584 1432 1650 :)
1476 1600 1610 1654 nego
1654 1588 1828 1635 tamen
1871 1581 1926 1634 id
1969 1582 2112 1645 effici,

221 1673 243 1713 1
274 1667 412 1737 quod
448 1665 570 1718 inde
605 1665 763 1735 aliqui
807 1666 1044 1717 effectum
1081 1664 1257 1718 velint.
1344 1664 1474 1716 Dico
1518 1664 1694 1734 itaque
1727 1667 1928 1734 primo,
1975 1664 2114 1735 quic-

273 1749 397 1818 quid
436 1748 570 1819 juris
627 1748 725 1800 hac
780 1748 833 1799 in
873 1765 932 1800 re
975 1749 1209 1800 subditis
1254 1753 1547 1817 competere
1590 1754 1775 1818 potest,
1826 1754 1885 1800 ut
1928 1747 2118 1801 scilicet

274 1831 500 1904 Legibus
528 1830 836 1901 posthabitis
866 1831 1104 1899 publicoe
1133 1831 1306 1883 saluti
1335 1830 1617 1892 consulant,
1664 1829 1718 1882 id
1758 1829 1879 1900 ipsis
1908 1830 2116 1883 aliunde

272 1932 596 1976 accrescere3
642 1912 912 1984 praesentis
935 1919 1108 1965 autem
1128 1914 1448 1981 Aphorismi
1475 1911 1798 1974 auctoritate,
1831 1911 1972 1965 velut
2000 1913 2116 1964 fun-

273 1998 531 2059 damentO,
560 1995 656 2049 niti
684 1996 823 2048 nullo
850 1994 1002 2047 modo
1032 2012 1196 2064 posse,
1229 1994 1317 2065 qui
1346 1994 1627 2046 curandam
1654 2001 1707 2046 et
1733 1995 2114 2065 procurandam

264 2082 463 2151 populi
490 2080 719 2133 salutem
748 2077 836 2130 uni
854 2078 1123 2146 principi,
1165 2075 1425 2146 relinquit,
1462 2095 1567 2128 non
1592 2083 1766 2130 autem
1795 2076 1893 2147 ipsi
1911 2079 2115 2148 populo

271 2161 538 2234 permittit.
626 2160 830 2213 Deinde
867 2158 1008 2212 aliud
1042 2176 1169 2221 esse,
1210 2160 1508 2212 inconsulto
1539 2160 1819 2228 Principe,
1868 2160 2008 2213 aliud
2054 2179 2115 2213 eo

273 2247 460 2310 invim,
492 2244 685 2315 aliquid
714 2249 895 2296 contra
925 2243 1093 2313 Leges
1121 2248 1414 2295 attentare:
1459 2241 1571 2294 fieri
1608 2242 1742 2294 enim
1778 2241 1906 2295 illud
1944 2242 2115 2305 licere,

274 2327 460 2380 debitis
502 2326 875 2380 conditionibus
919 2324 1234 2387 observatis3
1288 2325 1385 2376 hoc
1424 2324 1565 2377 nulla
1608 2324 1897 2377 conditione
1942 2325 2115 2379 licere.

220 2417 250 2459 2
274 2410 404 2463 Dico
434 2412 697 2472 secundm
745 2406 988 2471 Subditis‚
1028 2406 1070 2461 si
1114 2406 1237 2477 quid
1277 2413 1537 2461 attentare
1567 2407 1728 2461 velint
1755 2407 1807 2459 in
1838 2407 2019 2460 ordine
2048 2409 2117 2461 ad

621 2600 638 2619 θ
658 2593 831 2643 ’Έγωγέ
857 2599 966 2642 φημι
993 2594 1060 2632 καὶ
1089 2595 1212 2643 νόμον
1240 2609 1292 2644 ’γε
1317 2596 1373 2644 μή
1400 2594 1554 2643 σέβειν,

662 2656 733 2692 Ἐν
758 2662 874 2693 τοῖσι
901 2658 1062 2701 δεινοῖς,
1090 2659 1175 2694 τῶν
1200 2657 1439 2706 ἀναγκαίων
1464 2657 1608 2694 πλέον.

744 2715 884 2763 Eurip.
904 2727 969 2764 ap.
991 2716 1208 2761 Stobaeum,
1228 2715 1434 2765 [Florileg.
1458 2716 1538 2753 Tit.
1558 2716 1625 2752 xii.
1648 2727 1687 2764 p.
1712 2717 1796 2763 140,
1816 2718 1879 2755 ed.
1902 2716 2120 2766 Gaisford]

372 2834 443 2873 20.
510 2829 650 2872 Some
675 2829 768 2871 will
796 2829 950 2887 object
976 2829 1080 2874 that
1105 2831 1143 2874 it
1171 2831 1208 2874 is
1234 2829 1353 2874 hard
1379 2843 1507 2887 upon
1533 2844 1641 2874 men
1669 2829 1773 2873 that
1793 2830 1874 2874 the
1899 2831 2051 2889 safety
2072 2831 2126 2874 of

277 2900 340 2943 all
365 2900 532 2945 should
554 2900 738 2958 depend
771 2915 897 2958 upon
929 2916 1018 2946 one
1049 2916 1220 2960 person
1248 2916 1299 2946 so
1325 2902 1537 2959 entirely,
1568 2901 1672 2945 that
1698 2901 1893 2945 without
1918 2902 1989 2946 his
2014 2917 2120 2959 per-

275 2972 465 3016 mission
494 2985 556 3015 no
583 2985 671 3016 one
699 2973 736 3015 is
762 2973 956 3017 allowed
983 2978 1033 3017 to
1059 2979 1135 3017 act
1160 2973 1236 3016 for
1260 2973 1342 3017 the
1367 2973 1526 3031 public
1552 2973 1717 3029 safety,
1744 2986 1860 3016 even
1885 2973 1934 3015 in
1960 2987 1989 3016 a
2014 2988 2120 3017 case

276 3043 331 3087 of
352 3048 557 3087 extreme
578 3045 822 3102 necessity.
885 3045 1029 3088 What
1049 3045 1091 3087 if
1113 3044 1174 3088 he
1198 3044 1258 3087 be
1284 3044 1451 3087 absent
1471 3057 1613 3100 many
1633 3042 1759 3100 days’
1787 3044 2002 3101 journey,
2027 3045 2122 3088 and

275 3114 358 3157 the
386 3119 560 3157 matter
584 3114 678 3156 will
708 3119 793 3158 not
818 3114 964 3158 admit
996 3114 1050 3158 of
1077 3128 1167 3158 one
1197 3108 1326 3171 day's
1352 3114 1522 3171 delay?
1567 3113 1617 3157 If
1635 3113 1717 3157 the
1739 3119 1932 3158 consent
1958 3115 2012 3158 of
2038 3115 2121 3159 the

276 3185 446 3228 Prince
466 3184 526 3228 be
545 3184 658 3228 held
681 3197 937 3242 necessary,
965 3184 1046 3229 the
1074 3185 1206 3229 State
1232 3185 1270 3229 is
1291 3185 1458 3229 ruined
1476 3184 1612 3229 while
1637 3184 1719 3228 the
1739 3185 1955 3242 previous
1976 3187 2121 3231 inter-

278 3269 441 3299 course
465 3254 577 3297 with
601 3254 699 3297 him
724 3255 761 3298 is
786 3260 866 3313 yet
891 3256 1169 3301 unfinished.

368 3327 455 3370 We
485 3326 632 3384 reply,
663 3326 801 3378 First,
831 3326 931 3370 The
969 3327 1171 3385 subjects
1201 3341 1324 3386 may,
1349 3328 1399 3371 in
1429 3327 1543 3372 such
1580 3341 1609 3371 a
1639 3342 1757 3380 case,
1782 3341 1899 3372 even
1923 3327 2120 3373 without

278 3398 541 3455 consulting
570 3398 651 3441 the
676 3398 860 3450 PrInce,
886 3403 962 3442 act
993 3412 1054 3442 on
1078 3398 1160 3443 the
1184 3399 1368 3456 ground
1398 3399 1452 3442 of
1470 3400 1726 3457 necessity3
1761 3400 1847 3443 but
1879 3399 1983 3443 that
2007 3400 2119 3445 does

277 3475 362 3514 not
388 3469 610 3514 establish
637 3468 718 3513 the
742 3469 1017 3527 opponents’
1039 3470 1266 3514 doctrine.
1332 3470 1459 3514 Such
1485 3485 1514 3513 a
1546 3484 1703 3529 power
1724 3470 1774 3513 in
1801 3470 1883 3514 the
1917 3472 2119 3528 subjects

278 3542 390 3586 does
413 3545 499 3585 not
531 3545 627 3585 rest
660 3555 722 3585 on
756 3541 849 3585 this
879 3541 1069 3592 Maxim,
1093 3541 1244 3584 which
1272 3542 1486 3585 commits
1512 3541 1593 3585 the
1628 3555 1733 3585 care
1765 3542 1819 3586 of
1844 3542 1927 3587 the
1951 3543 2120 3587 Public

280 3612 444 3670 Safety
467 3616 518 3655 to
557 3611 639 3656 the
671 3613 841 3656 PrInce
875 3613 1012 3670 only3
1051 3612 1165 3657 such
1195 3627 1224 3656 a
1255 3626 1412 3671 power
1441 3613 1491 3655 in
1523 3613 1605 3657 the
1642 3613 1820 3671 subject
1857 3613 1895 3657 is
1928 3613 2120 3658 derived

278 3683 403 3727 from
434 3695 562 3727 some
597 3682 733 3727 other
766 3696 946 3728 source.

368 3754 628 3806 Moreover,
660 3754 698 3798 it
729 3754 767 3798 is
803 3768 831 3798 a
865 3768 977 3813 very
1009 3754 1227 3800 different
1262 3755 1397 3813 thing
1430 3759 1480 3800 to
1516 3756 1698 3801 deviate
1732 3755 1856 3801 from
1889 3755 1972 3801 the
2008 3756 2120 3801 Law

278 3824 474 3870 without
495 3825 757 3883 consulting
774 3825 856 3871 the
881 3826 1064 3880 Prince,
1088 3826 1182 3871 and
1206 3832 1256 3872 to
1277 3827 1337 3872 do
1357 3841 1408 3872 so
1430 3833 1648 3887 contrary
1672 3832 1722 3873 to
1747 3828 1829 3873 the
1850 3829 1942 3872 will
1963 3828 2018 3873 of
2038 3828 2120 3873 the
